2960 4716
491 391 788 466 DISSERTATIO.
1139 390 1186 464 41

94 556 231 618 stolorum
243 553 371 618 inserit.
415 553 493 615 Nam
512 553 658 618 ἐκτίθεται
679 555 717 616 ad
735 565 886 618 ιιιιοιιιι
904 555 1097 640 Anonymum
1110 559 1189 620 rele-

92 642 211 704 renduur
223 650 290 719 eet,
312 640 363 701 nti
378 657 506 720 sequane
519 641 715 704 κατιπιθιιιι.

170 769 244 844 Quo
263 775 369 828 autem
383 775 517 848 ternpore
530 765 664 828 Zosimus
679 767 875 849 philosophus
890 767 1018 846 vixerit,
1039 789 1101 832 non
1119 769 1192 830 satis

86 852 196 935 liquet.
238 851 430 914 licerbavius
450 873 516 913 eum
532 851 741 933 philosophum
758 855 867 915 saeculi
880 856 978 936 quinti
994 854 1077 932 dicit,
1091 857 1190 916 nescio

88 961 150 1020 qua
168 939 357 999 ιιιιιιιιιιι
369 938 463 998 nisus.
505 937 679 1016 Scaligerad
689 939 851 998 Eusebiana
860 961 925 1020 pag.
943 942 1014 1008 258.
1028 950 1096 1000 aute
1110 943 1192 1002 Pan·

88 1025 242 1102 odorum,
262 1024 318 1103 qni
340 1023 470 1082 Arcadio
494 1023 658 1103 imperante
686 1023 766 1082 circa
795 1045 863 1084 ann.
882 1027 945 1092 400
966 1026 1105 1106 scripsit,
1127 1027 1191 1086 Zo-

92 1111 209 1170 simnm
229 1108 345 1168 vixisse
371 1107 538 1168 contendite
564 1129 632 1168 nam
657 1107 818 1186 Georgium
839 1109 938 1170 locum
963 1111 1072 1170 Zosimi
1091 1129 1193 1172 noue

93 1195 223 1276 scriptis
240 1192 391 1268 auctoris,
413 1212 548 1252 ιιιιιιιι
565 1193 721 1254 Panodoro
740 1193 881 1254 hausisse.
923 1194 1004 1254 Haec
1016 1217 1102 1256 cause
1113 1215 1193 1256 vene

93 1291 157 1356 eet,
181 1289 273 1358 atque
289 1277 370 1338 omni
383 1277 558 1338 auctoritate
570 1287 658 1342 caret.
682 1313 717 1324 -
737 1279 903 1357 Zosimum‚
925 1276 979 1344 τιν
993 1279 1101 1362 μέγαν,
1124 1290 1193 1342 ente

94 1363 357 1444 olympiodorum
373 1362 499 1438 vixisse,
520 1371 603 1442 patet
615 1373 679 1422 tum
693 1384 709 1424 e
723 1363 854 1442 catalogo
870 1365 960 1424 citato
972 1369 1036 1428 τιιν
1050 1371 1193 1445 ποιητῶν,

98 1451 160 1528 qui
175 1447 311 1507 ordinem
323 1449 465 1527 temporis
477 1447 627 1526 sequitur,
649 1458 679 1508 et
692 1447 725 1508 in
738 1469 797 1528 quo
810 1449 943 1510 Zosimus
958 1459 1027 1510 ente
1029 1450 1195 1548 Olympio·

100 1535 216 1594 dorum
229 1533 343 1612 positus
363 1541 424 1608 est,
453 1541 520 1591 tum
535 1553 573 1592 ex
597 1552 632 1592 ee
641 1533 754 1612 ,quod
775 1533 1036 1615 Olympiodorna
1026 1555 1060 1596 en
1082 1536 1196 1615 scripta

97 1618 216 1680 Zosimi
233 1576 450 1677 commentatis
471 1637 533 1676 esee
552 1577 672 1678 dicitsir.
702 1617 934 1699 olympiodorus
954 1630 1051 1680 sutem
1071 1620 1196 1702 scripsit

97 1703 272 1764 Theodosio
288 1701 399 1762 minori
411 1711 567 1780 regnante,
589 1701 696 1762 Photio
711 1711 786 1764 teate
800 1703 864 1764 eod.
879 1708 936 1770 8οι
956 1703 977 1766 i.
992 1724 1017 1768 e.
1031 1705 1110 1766 inter
1122 1726 1196 1768 ann.

97 1790 225 1856 408-
240 1787 321 1864 4503
344 1795 374 1846 et
391 1785 530 1846 historiae
549 1786 618 1846 finis
637 1797 699 1848 erat
718 1789 751 1848 in
767 1789 856 1848 caede
876 1787 1013 1866 loannis,
1038 1789 1114 1868 regis
1135 1791 1197 1850 llo-

100 1893 279 1948 manorum,
305 1871 354 1931 cui
381 1871 608 1932 Valentinianus
633 1874 783 1954 septennis
803 1873 945 1934 succeseit
965 1893 1034 1934 ann.
1058 1875 1131 1940 425.
1154 1903 1197 1920 -

102 1957 189 2036 Ergo
204 1967 270 2016 ante
270 1917 343 2016 'hoc
357 1965 477 2036 tempus
496 1955 689 2016 Zosimum'
659 1959 770 2018 vexisse
783 1978 901 2018 necesse
917 1958 983 2018 erit.
1025 1957 1125 2032 Quum
1142 1977 1198 2016 re-

101 2064 141 2104 re
163 2041 345 2102 Christianus
357 2042 416 2100 fuit
422 2060 548 2120 ,neque
564 2041 643 2122 apud
663 2043 759 2102 ullum
777 2043 954 2144 scriptorem
973 2041 1084 2102 eeeculi
1089 2061 1200 2144 ‘quar-

101 2129 126 2188 ιι
140 2137 194 2187 sut
215 2127 312 2208 quinti
332 2089 453 2207 praetdr
468 2125 733 2206 Olympiodomm,
754 2150 808 2190 ιιι
796 2121 956 2209 ’μεγάλοι
975 2129 1104 2208 ποιητοῦ
1117 2147 1200 2188 meu·

102 2214 146 2274 tio
168 2221 232 2272 est:
255 2211 388 2270 arbitror
402 2231 469 2271 eum
483 2209 565 2282 haud
579 2212 706 2272 multum
726 2221 795 2272 ante
816 2231 926 2272 annum
942 2212 1199 2294 quadringentesi-

104 2307 287 2443 pumfppreq
293 2295 365 2360 Chr.
378 2305 441 2356 nat.
454 2295 627 2378 ponendum
642 2317 718 2376 esee,
735 2297 777 2358 ita
792 2306 827 2358 ut
841 2297 942 2360 forsan
954 2297 1084 2379 aequalis
1098 2298 1199 2360 Pano·

129 2403 174 2444 on
252 2403 264 2440 ι

192 2509 312 2568 Testem
329 2505 510 2568 corretionis
525 2506 561 2566 de
575 2507 729 2587 Ειιιιοιιι
748 2509 919 2568 Hermetem
934 2527 1054 2608 quoqpe
1068 2509 1202 2567 Zosimus

108 2593 229 2669 laudat,
249 2593 336 2652 illuns
356 2591 466 2653 fabulis
486 2592 614 2652 cuiusuis
633 2593 748 2672 genesis
768 2603 944 2654 exornatum
964 2593 1124 2674 sapientem
1143 2591 1202 2650 Δι-

112 2679 269 2758 mnam,
290 2678 336 2738 cui
355 2687 422 2738 tum
439 2676 551 2756 scripte
570 2677 708 2774 antiqua,
727 2677 864 2760 inprimis
877 2675 1018 2758 physica,
1040 2675 1154 2738 medios
1171 2685 1203 2736 et

112 2761 305 2862 ιιι-ιιιιιιι,
325 2781 452 2842 quorum
480 2771 615 2820 auctores
637 2761 734 2839 ιιιιοιι
759 2771 859 2832 eram,
881 2772 947 2822 turn
970 2761 1139 2822 recentiora
1165 2759 1202 2819 ab

107 2847 186 2928 ipsis
208 2845 400 2922 sectoribus,
423 2846 553 2904 maxime
572 2844 747 2904 Christianis
769 2846 940 2924 Aegyptiis,
959 2843 1203 2924 Neoplatenicam

103 2929 331 3023 philosophiam
353 2929 563 3010 sequentibus,
585 2928 836 3010 supponebantur.
884 2929 966 2990 luter
994 2929 1204 2990 obscurissime

106 3037 181 3080 vero
196 3015 383 3096 antiquitatis
400 3025 472 3074 eunt
485 3013 597 3094 scripta
610 3013 793 3094 Hermetice,
813 3034 909 3094 neque
929 3013 1028 3074 adhuc
1043 3015 1124 3076 ullus
1144 3015 1204 3075 do-

113 3113 230 3162 ctorum
243 3100 396 3180 ingenium
410 3119 446 3160 sc
456 3108 573 3179 tempus
595 3099 638 3160 rei
658 3101 818 3162 litterariae
837 3099 931 3180 gratia
952 3099 1092 3178 devovit,
1114 3109 1148 3159 ut
1170 3119 1204 3158 ee

111 3187 279 3265 collegisset
292 3195 382 3264 atque
393 3185 606 3264 interpretatus
618 3194 702 3248 esset.
744 3186 819 3245 Nam
842 3185 896 3245 etsi
914 3183 1050 3246 barbarie
1069 3183 1204 3261 horrent,

108 3271 166 3333 etsi
178 3271 270 3353 plena
295 3279 366 3330 suut
387 3269 571 3344 fabularum,
594 3269 853 3330 deliramentorum
864 3289 899 3328 ec
912 3269 1084 3346 vecordiae,
1104 3277 1204 3328 tamen

108 3366 142 3418 et
152 3355 305 3435 ingenium
323 3353 435 3415 saeculi
450 3353 497 3414 eui
511 3363 677 3426 ostentant,
699 3365 729 3414 et
738 3357 827 3436 plura
840 3355 1004 3432 fragmenta
1019 3353 1206 3432 antiquitatis

108 3441 299 3520 elegantioris
312 3439 393 3500 inter
406 3437 461 3500 hae
474 3437 576 3500 sordes
590 3437 761 3500 delitescere
775 3448 911 3520 possunt.
934 3470 976 3488 -·
996 3439 1128 3500 Zosimus
1141 3439 1207 3498 lau-

108 3526 165 3587 det
184 3525 324 3604 Physica
342 3526 512 3600 Ηιιιιιιιιι,
532 3522 619 3584 cuiue
642 3523 713 3584 libri
733 3523 770 3584 ab
791 3525 849 3583 alio
868 3523 1014 3604 scriptore
1025 3521 1205 3586 mentionem

108 3613 221 3672 tanam
233 3630 298 3672 esse
310 3629 374 3668 non
386 3609 514 3690 reperio.
555 3607 743 3669 Mothofius'
733 3629 766 3668 ιι
780 3609 857 3670 libro
872 3609 894 3668 l.
908 3607 1104 3689 Polyhsetone
1116 3629 1146 3690 p
1155 3612 1206 3675 99.

108 3695 253 3772 coniicit,
274 3693 410 3755 eumdem
429 3695 555 3754 fortene
577 3713 640 3754 esse
657 3693 788 3770 librum,
809 3695 860 3774 qui
881 3713 899 3753 e
923 3693 1049 3774 Georgio
1070 3713 1136 3776 pag.
1152 3693 1205 3758 35·

106 3780 150 3847 ι).
168 3741 282 3861 etpdg.
297 3781 349 3846 52.
367 3779 401 3843 B.
416 3778 694 3842 subnomineeoiv
714 3779 1089 3861 Koposldoaallegari.
1131 3775 1207 3835 Chi·

108 3865 190 3926 mica
206 3873 337 3943 uterque
347 3863 433 3940 hber,
455 3873 534 3924 certe
549 3873 695 3962 exparte,
715 3864 996 3928 tractassevidctur.
1036 3865 1111 3924 Erat
1126 3859 1207 3920 enim

111 3950 211 4008 medio
228 3949 351 4009 saeculo
369 3949 623 4045 decimoseptimo
643 3948 839 4027 Altenburgi'
830 3969 864 4007 ιιι
880 3949 1025 4024 Saxonis,
1045 3949 1080 4007 in
1092 3944 1208 4006 Biblio-

111 4031 206 4093 theca
220 4033 325 4094 lluceli
346 4033 442 4094 codex
468 4032 688 4113 manuscriptus
703 4042 889 4094 vetustorum
903 3995 1101 4094 Chimiehrnm
1118 4029 1208 4090 Grae-
1221 4033 1228 4048 ¹

114 4137 241 4196 corum,
261 4119 343 4179 inter
364 4139 448 4218 quos·
467 4127 497 4178 et
515 4117 748 4198 Olympiodorus
763 4117 958 4199 Philosophus
975 4113 1208 4196 Alexandrinus,

116 4221 205 4280 quem
217 4203 250 4264 in
264 4203 375 4264 Zosimi
389 4203 502 4284 scripta
524 4213 754 4262 commentatum
765 4223 827 4264 esee
839 4203 899 4264 iem
917 4211 1003 4262 antea
1015 4199 1208 4263 narravimus.

114 4285 169 4346 Ex
188 4285 246 4348 boc
259 4289 417 4350 Reinesins
439 4290 645 4396 fragmentpm
649 4287 791 4363 edidit,
781 4308 815 4348 sn
828 4307 887 4368 qno
906 4283 1189 4366 olympiodorus
1152 4309 1210 4365 την

117 4373 275 4456 Kitl‘ffli9
294 4397 351 4440 ‘⁰¹’
338 4373 484 4460 Ἑιμθῦ
507 4381 537 4436 ιι
558 4368 617 4455 τιν
635 4365 796 4455 {dantesie
809 4374 915 4453 βίβλον
930 4371 1049 4450 laudat,
1071 4371 1211 4451 qnodque
