2860 4714
284 463 297 478 ι
357 331 360 344 ·
400 387 459 456 ET
480 389 832 460 ANNOTATIONES.
905 415 908 422 ·
1087 382 1169 480 417¹

147 535 202 606 Ἐν
218 535 332 616 sionei
344 519 517 626 Meidios]
543 545 562 604 A
580 565 658 625 qno,
679 555 709 605 st
722 547 885 624 Pausania,
907 547 1053 630 quicquid
1067 542 1103 610 ds
1117 551 1161 610 Si.

68 629 184 707 cyouiis
200 627 360 708 bucusque
379 631 545 709 promitur,
566 629 706 690 haustum
725 643 782 692 sat:
804 632 924 692 Anthea
942 653 979 692 ex
997 635 1064 694 aliis
1084 655 1162 694 non«
1200 639 1201 644 ’

63 714 146 773 nulla
164 714 293 792 profert.
335 714 379 772 De
394 715 602 792 Sicyoniorum
622 737 713 794 porro
730 725 799 776 ante
813 729 917 778 natum
930 719 1077 778 Abraham
1094 721 1161 800 pri-

62 799 193 858 mordiis
211 799 298 856 nulls
313 807 359 856 eat
374 798 454 858 iuter
468 799 628 876 Georgium
641 809 671 858 et
680 801 837 861 Eusebium
854 801 1018 862 discordia:
1041 805 1078 864 ds
1092 805 1163 882 fine,

63 904 125 942 non
143 883 249 962 quoad
265 903 411 944 annerum
427 883 605 958 terminum,
627 885 679 943 sed
693 886 792 964 quoad
806 896 923 946 exteros
941 889 1106 969 principes,
1128 890 1162 950 in

65 989 197 1046 quorum
216 968 350 1026 incurrit
373 975 514 1044 aetatem,
534 969 683 1048 plurimus
705 970 796 1029 micat
815 971 896 1030 inter
910 981 1071 1052 utrumque
1094 975 1162 1033 dis-

63 1073 184 1116 sensus.
227 1052 371 1111 Eusebius
390 1061 473 1112 retro
495 1053 745 1131 Agamemnonem
765 1063 795 1114 et
818 1055 951 1114 excisum
971 1057 1059 1116 llium
1080 1067 1164 1118 tsnst

64 1159 169 1198 sorum
183 1137 345 1218 imperium
360 1136 493 1214 desiisse3
516 1137 633 1197 Autbor
648 1139 775 1198 duorum
792 1139 962 1218 etamplius
979 1141 1163 1202 saeculorum

64 1224 195 1302 spatium
216 1223 325 1300 pamim
342 1243 380 1282 ax
395 1222 506 1280 Cuinsn
520 1223 661 1300 iunioris,
683 1223 794 1303 partim
809 1243 847 1284 ex
867 1223 1097 1284 israeliticorum
1111 1227 1164 1288 lu-

62 1309 168 1366 dicum
193 1307 339 1367 aetatibus
362 1307 536 1380 collectum,
558 1309 730 1386 frequenter
752 1319 890 1369 causatus
910 1310 1164 1388 praetermissum,

62 1389 207 1472 plurimis
229 1393 317 1450 annis
340 1391 567 1469 Agamemnonis
584 1402 710 1452 aetatem
732 1393 819 1474 ponit
836 1403 1031 1455 antevertere.
1072 1395 1162 1454 Pata·

60 1479 129 1536 rins
153 1477 192 1536 da
214 1477 300 1540 Doet.
324 1477 426 1555 Temp.
452 1477 505 1540 lib.
525 1483 556 1544 9.
584 1497 649 1556 cap.
667 1483 715 1546 16.
744 1479 781 1538 de
805 1481 1015 1557 Sicyoniorum
1035 1481 1163 1541 exordio

60 1582 157 1621 unam
172 1562 331 1640 utriusque
346 1561 523 1620 sententiam
545 1571 692 1640 sectatus,
714 1561 751 1622 de
768 1563 827 1622 fine
846 1564 1000 1644 propriam
1022 1567 1164 1644 prolatu·-

60 1668 130 1722 rus‚
156 1647 194 1704 ab
210 1655 341 1726 unoque
361 1646 449 1725 longe
470 1647 646 1725 digreditur.
688 1647 803 1708 Dubius
820 1647 896 1708 mihi
915 1658 960 1708 est
977 1669 1078 1708 eorum
1098 1651 1162 1708 im-

59 1733 186 1812 perium
200 1732 237 1790 ab
260 1733 480 1810 Agamemnone
505 1741 682 1812 occupatum
703 1733 836 1792 scribens
855 1733 908 1792 lib.
928 1738 976 1798 13.
997 1735 1034 1793 sd
1050 1755 1163 1794 aunum

59 1817 201 1876 Iulianae
224 1815 340 1876 Periodi
363 1815 457 1882 3514.
477 1837 514 1876 ex
531 1816 593 1876 eius
615 1817 692 1876 enim
720 1819 864 1876 cententio
890 1818 972 1877 mille
995 1819 1080 1877 annis
1099 1841 1162 1879 non

60 1902 200 1961 stetisset
217 1921 319 1960 eorum
340 1919 481 1978 regnum,
505 1911 534 1961 et
551 1902 737 1982 Apollodoro
759 1903 956 1982 pluribusque
971 1903 1036 1962 eliis
1053 1904 1162 1964 adser-

59 1996 205 2058 uaretur,
230 2005 267 2044 ex
281 1984 420 2044 Autbcm's
435 1987 606 2046 testimonio
621 1986 793 2046 scribentis:
817 1981 973 2068 διήρκεσεν
987 1987 1036 2069 ἔτη
1052 1981 1097 2072 μ’.
1122 1987 1165 2061 uic
1231 2035 1234 2043 .

57 2063 292 2150 Ἀπολλόδωρος
304 2070 353 2132 sul
369 2069 477 2150 ἕτεροι,
500 2071 533 2133 ἐν
547 2065 593 2144 οἷς
605 2071 657 2134 sal
672 2068 838 2152 Εὐσέβιος,
861 2071 1005 2154 ἔγραψαν.
1034 2073 1078 2134 Ae
1091 2073 1165 2132 licet

59 2155 224 2232 duplicem
242 2163 348 2214 statuat
364 2175 467 2214 sorum
482 2158 566 2234 regni
584 2155 708 2232 cladem,
727 2158 855 2236 primam
869 2155 948 2216 benc
962 2157 997 2215 ab
1010 2157 1165 2236 Agamem.

60 2259 146 2300 none
161 2239 293 2314 illatam,
317 2241 437 2300 alteram
454 2261 512 2319 qua
527 2241 663 2300 funditus
678 2241 828 2302 desierunt
848 2251 918 2322 post
934 2243 1035 2301 Carnii
1054 2245 1164 2302 Sacer-

62 2325 171 2384 dotum
193 2325 278 2383 annis
297 2327 347 2390 33.
369 2334 551 2404 protractam
567 2325 866 2401 administrationem,
891 2327 928 2386 de
950 2349 1009 2407 qus
1024 2327 1105 2386 idem
1124 2327 1164 2386 ad

60 2409 199 2468 Iulianae
218 2409 338 2468 Periodi
351 2429 462 2468 anisum
477 2411 571 2476 3647.
588 2409 669 2488 quod
687 2418 787 2469 tamen
808 2411 907 2470 carnii
921 2411 1094 2472 Sacerdotes
1109 2431 1164 2470 ceu

62 2494 189 2572 legitimi
204 2493 358 2574 principes
373 2494 530 2572 imperium
545 2493 657 2553 exactis
669 2494 788 2572 regibus
799 2495 837 2554 ad
852 2515 963 2554 annum
975 2497 1164 2555 millesimum

65 2581 240 2656 tenues-inm
264 2579 301 2638 ab
322 2581 540 2656 Agamemnone
559 2579 644 2659 prius
663 2587 843 2658 occupatum
864 2599 925 2637 non
952 2579 1004 2638 het
1026 2581 1164 2640 omnibus
1272 2575 1275 2582 ’

64 2665 229 2724 verisimile
236 2685 246 2742 ;
269 2673 323 2722 aut
344 2673 439 2739 certe,
462 2665 513 2742 qui
535 2663 594 2724 hoe
622 2672 770 2738 asserant,
800 2661 939 2722 authores
967 2661 1165 2742 proferendos

65 2759 224 2828 expetam:
247 2748 410 2827 quinetiam
425 2749 634 2827 Sicyoniorum
647 2767 772 2826 regnum
787 2748 949 2806 arbitratus
966 2749 1031 2826 ipse
1048 2745 1165 2807 stetisse

66 2835 104 2892 ad
128 2835 214 2892 mille
237 2834 358 2894 circiter
381 2853 489 2910 annes,
512 2835 548 2892 ab
571 2835 789 2912 Agamemnone
810 2852 873 2892 non
900 2833 1033 2911 putuisse
1051 2829 1165 2907 invadi,

68 2919 171 2994 debet,
195 2927 231 2977 ut
256 2919 312 2978 sibi
330 2927 464 2994 constet,
487 2929 517 2976 et
535 2919 657 2996 reliquia
677 2917 859 2994 consentiet,
881 2925 1095 2996 cousequenter
1114 2937 1166 2976 ss-
1251 2953 1257 2962 ·

67 3021 172 3062 serare.
218 3003 264 3061 Ab
287 3003 505 3080 Agamemnona
527 3003 699 3081 subiugatos
720 3003 875 3083 Sicyonios
899 3021 962 3060 non
983 3002 1073 3062 fuisse
1090 2999 1167 3062 mihi

66 3090 162 3148 multo
184 3088 295 3148 certius
318 3087 522 3146 demonstrant
536 3088 681 3148 Eusebius
704 3099 733 3148 et
753 3107 836 3148 meus
856 3087 1016 3165 Georgius,
1038 3105 1166 3164 quorum

66 3173 118 3232 ille
130 3173 239 3232 deletis
253 3171 400 3250 Sicyoniis
414 3173 660 3251 Agamemnonem
673 3173 761 3251 longe
773 3171 923 3252 priorem,
945 3169 998 3230 hic
1016 3191 1078 3231 non
1094 3191 1166 3231 mo·-

65 3257 135 3317 dico
158 3259 258 3337 spatio
282 3257 479 3336 posteriorem
499 3259 604 3319 iecere.
647 3257 692 3316 Ab
708 3257 836 3316 Eusebio
852 3255 974 3315 tandem
995 3265 1024 3316 st
1039 3255 1165 3335 reliquis

67 3339 270 3419 Chronologis
287 3341 415 3401 discedit
434 3342 592 3414 Petavius;
615 3341 675 3402 illis
693 3341 772 3402 enim
790 3341 875 3400 aunis
892 3341 976 3400 mille
997 3341 1165 3419 Sicyoniu-

66 3448 135 3488 rum
160 3429 246 3504 regni
271 3428 402 3506 spatium
425 3426 752 3504 circumscribentibus,
781 3426 918 3486 Petarius
933 3425 1096 3486 terminum
1110 3445 1165 3485 eo-

65 3532 133 3572 rum
149 3513 293 3571 ultimum
312 3512 344 3568 in
360 3531 471 3570 sunum
487 3511 603 3570 Periodi
617 3509 746 3570 Iulianae
759 3513 851 3578 8547.
872 3514 1019 3592 seposuit,
1042 3511 1165 3570 exordia

67 3599 103 3656 ad
124 3599 222 3664 2550.
241 3596 275 3656 id
297 3604 343 3654 est
356 3595 453 3654 tribus
474 3596 560 3654 annis
575 3615 669 3675 aequo
684 3596 798 3656 tardius
813 3596 961 3675 alligavit,
985 3617 1020 3655 sc
1040 3595 1164 3652 biennio

66 3691 154 3760 post,
178 3681 237 3740 boc
259 3689 304 3739 est
323 3681 401 3739 insto
422 3680 484 3740 sere
502 3683 644 3752 termino,
666 3680 767 3741 fixisse
787 3681 954 3761 poenituit,
974 3678 1105 3740 scribens
1125 3675 1166 3734 ad

67 3767 176 3824 ultimo
196 3765 318 3824 citatum
332 3785 443 3824 arrisum
462 3765 513 3824 lib.
530 3771 579 3830 13.
605 3769 815 3843 Sicyoniorum
834 3785 962 3846 regnum
979 3767 1063 3822 circa
1083 3761 1166 3818 leuna

68 3871 187 3910 αιιιιιιιιι
203 3853 329 3908 initium
343 3847 474 3927 accepta
510 3854 641 3912 Biennio
660 3855 875 3910 antevertimus
896 3849 947 3908 lib.
968 3852 998 3914 9.
1020 3844 1057 3905 ds
1071 3847 1165 3905 Dect.

69 3945 157 4014 temp.
183 3957 250 4014 cap.
271 3940 320 4000 16.
351 3933 412 3994 Sed
422 3935 474 3993 tie
487 3957 587 3995 annus
599 3938 711 4014 placet.

154 4017 311 4098 Κάστορος
324 4019 393 4098 ,περὶ
408 4024 463 4101 τῆς
476 4021 650 4100 dunstatus]
671 4021 752 4080 Haec
774 4017 916 4078 Eusebius
933 4007 1009 4077 susal
1027 4009 1107 4086 λέξιν
1126 4010 1166 4072 ad

67 4125 183 4163 annum
201 4103 340 4164 Abrabae
361 4108 432 4170 880.
486 4106 633 4164 Castorem
655 4123 760 4183 genere
785 4103 953 4174 Rhodium,
984 4097 1167 4156 habitatione

69 4190 207 4248 Galatam
230 4189 268 4248 de
293 4189 381 4248 rebus
405 4187 629 4250 Atheniensium
655 4199 684 4248 et
708 4187 889 4266 Argivorum
918 4183 1070 4261 scripsisse
1089 4181 1167 4260 leges

70 4277 151 4354 apud
164 4274 341 4333 Eusebium:
363 4273 432 4332 lulii
450 4276 579 4334 Caesaris
594 4286 729 4352 tempore
743 4270 856 4332 vixisse
875 4269 963 4328 deest
978 4265 1091 4326 suidas.
1123 4269 1167 4326 Da

69 4359 130 4420 viri
139 4361 263 4420 fortuna
271 4367 300 4418 et
309 4359 522 4437 scriptisplura
530 4358 654 4426 discutit
663 4349 943 4436 VossiustlsScript.
951 4349 1167 4418 Graecisllbd.

124 4457 223 4530 (ἴσως.
240 4459 380 4528 syncellus.
396 4457 432 4511 ts
919 4443 962 4506 27
