2860 4714
403 385 464 454 ET
485 386 838 456 ANNOTATIONES.
897 393 899 400 '
1103 383 1174 458 421

76 627 120 686 eo
159 533 349 624 Komisene]
374 541 536 608 Comum
559 565 623 606 non
642 554 681 606 ut
700 547 833 630 Scaliger
852 545 995 610 iniuriose
1009 549 1177 636 κωμαστής,

117 637 298 811 suffigi&
308 667 375 793 iuli.
392 707 557 798 Eiusnon]
578 711 822 777 Emendationeus
842 718 970 798 probent
983 719 1171 802 Chronogra·
1188 728 1222 786 V.
1234 731 1271 788 82

69 796 327 960 Phlcghsiiduiiri
338 874 404 962 κε’]
432 879 527 942 Annis
539 881 683 944 indebitis
697 890 748 952 20.
763 905 919 947 numerum
937 899 1024 966 suget
1043 891 1175 970 Scsliger

70 986 139 1046 png.
159 971 212 1032 20.
231 975 262 1024 et
277 959 330 1047 με’.
346 966 474 1046 reponit.
505 968 653 1028 Eusebius
672 971 796 1030 Latinus
816 973 894 1032 solos
908 975 960 1042 25.
972 975 1087 1038 retinet
1115 977 1176 1036 Fo-

69 1061 155 1112 ctum
168 1061 271 1112 temen
287 1051 456 1112 emendavit
467 1052 520 1112 ille
533 1053 565 1112 in
580 1054 690 1115 Cenon.
705 1055 818 1134 lssgog.

155 1155 227 1231 Peg.
253 1157 322 1218 103·
345 1145 403 1214 Ἦν
422 1152 488 1228 ἔτος
505 1148 607 1238 peri]
637 1157 755 1215 Xerxes
773 1156 811 1215 sd
831 1155 941 1218 solium
959 1177 1038 1218 anno
1057 1159 1174 1238 vuigoni

68 1238 179 1300 mundi
199 1239 293 1304 3473.
311 1247 429 1298 evectus
448 1259 510 1298 non
536 1240 636 1318 potuit
657 1261 804 1321 occupor-s
826 1241 911 1300 ennis
925 1245 976 1308 30.
996 1243 1055 1302 nisi
1069 1243 1174 1306 dereli-

67 1323 189 1403 querit,
211 1343 290 1382 enno
308 1323 401 1388 3503.
415 1343 473 1402 quo
488 1343 640 1384 successor
655 1325 869 1386 drmomitbres
882 1327 1010 1408 excepit.

155 1419 308 1506 Κόγχαρις
321 1423 371 1502 ἔτη
386 1420 434 1505 ά]
463 1425 522 1485 Sex
537 1447 630 1486 ennos
647 1427 793 1487 Conchsri
809 1428 982 1488 tribuendos
997 1429 1105 1510 probat
1123 1451 1173 1491 se-

68 1529 167 1588 quens
181 1509 396 1588 Aegyptiorum
416 1529 471 1570 rex
491 1511 591 1571 Silites
606 1533 684 1572 snno
701 1514 796 1578 3477.
813 1514 938 1592 sceptris
953 1514 1081 1594 potitus,
1103 1525 1173 1595 post

66 1593 251 1654 Concharisn
273 1594 415 1653 nimirum
434 1595 470 1654 sb
492 1617 570 1655 snno
589 1599 681 1662 3471.
700 1598 738 1656 sd
757 1595 926 1656 huiusmodi
939 1599 1032 1664 3477.
1044 1619 1173 1677 reguen-

65 1689 140 1738 tem.
164 1673 322 1762 llo'ygupog
335 1679 442 1740 scribit
455 1681 595 1760 Scsligsu
619 1701 707 1762 quem
722 1681 860 1758 gignendi
880 1701 964 1740 mous
983 1681 1075 1742 ultera
1093 1685 1172 1746 linea

65 1765 185 1844 positus
208 1783 309 1822 cerem
332 1764 540 1825 Grammaticis
563 1769 676 1844 arguit:
709 1765 819 1826 ibidem
839 1766 937 1846 pogin.
957 1767 1098 1847 Excerpe.
1119 1775 1171 1836 21.

64 1849 122 1907 nbi
143 1859 247 1910 namet
266 1867 305 1908 ex
326 1849 453 1910 Eusebio
476 1846 572 1935 τούτῳ
591 1855 635 1935 τῷ
655 1851 713 1914 ἔτει
730 1855 787 1914 τοῦ
799 1845 852 1916 κε’.
866 1846 1110 1934 βασιλεύσαντος,
1132 1855 1171 1914 ds

65 1953 130 2012 quo
147 1953 226 1992 anno
241 1933 351 1992 scribet
366 1933 502 1996 divinus
516 1935 638 2016 nequit,
660 1935 737 1996 ideo.

163 2028 266 2118 Τούτῳ
284 2039 324 2119 τῷ
343 2029 380 2108 ς’.
402 2033 484 2116 tres]
508 2037 539 2096 Si
559 2038 696 2116 quintum
722 2057 790 2098 cum
812 2037 947 2098 Librsrio
974 2039 1124 2118 posueris,
1152 2062 1169 2098 a

64 2123 167 2185 2776.
190 2119 227 2178 de
241 2138 299 2200 quc
314 2121 473 2180 confestim
488 2120 622 2198 Author,
644 2142 707 2181 nou
728 2122 841 2204 poterit
861 2142 924 2182 esse
941 2123 1168 2204 septingentesi-

63 2223 152 2282 mus,
175 2223 241 2264 cum
258 2225 336 2263 nnnc
353 2205 449 2272 8471.
466 2206 599 2287 coeperit
612 2227 734 2286 regnare
750 2205 924 2270 Conchsris.

151 2304 330 2382 Διεδέξαντο
350 2307 482 2388 βασιλεῖς
500 2312 621 2370 Treuiros
634 2301 681 2385 d]
703 2309 794 2387 Reges
815 2309 889 2372 istos
902 2309 1024 2368 Tanites
1040 2307 1168 2390 quotuor

66 2410 129 2450 non
144 2391 291 2472 expressit
308 2392 468 2472 Georgius,
490 2393 540 2452 vel
555 2394 618 2452 eius
631 2391 795 2453 Librarius:
816 2394 998 2455 Alterutn'us
1016 2394 1167 2456 delectum

66 2496 129 2535 vox
139 2478 235 2540 itiner
251 2477 283 2535 in
299 2476 362 2538 MS.
378 2497 538 2538 occurrens
552 2476 660 2554 arguit.
682 2477 802 2536 Tanites
818 2487 915 2537 sutem
924 2523 933 2554 ,
955 2479 1018 2538 sive
1031 2479 1166 2540 Pelusio-

67 2569 130 2636 tss,
150 2563 279 2620 maxims
291 2572 451 2639 memoret,
477 2561 558 2642 qussi
571 2561 607 2619 ud
628 2569 795 2622 extremum
814 2561 942 2642 Aegypti
959 2561 1050 2624 finem
1064 2573 1166 2622 retru-

68 2666 133 2720 sos,
156 2667 190 2706 eo
207 2656 361 2726 tempore,
384 2667 443 2726 quo
464 2667 547 2725 reges
565 2645 718 2722 Postera,
747 2644 922 2727 (Phoenices
941 2655 971 2705 et
992 2647 1164 2726 peregrinos

66 2749 150 2810 reges
164 2751 204 2790 ex
217 2730 396 2790 Manethone
409 2741 499 2792 voest
514 2730 656 2790 Eusebius
670 2749 737 2812 pag.
756 2735 806 2796 61.
825 2731 861 2792 ll.
877 2740 906 2789 et
923 2727 1065 2813 Iosephus
1079 2731 1165 2808 Hyc-

68 2836 135 2892 sos,
156 2815 189 2874 id
201 2826 247 2876 est
258 2835 341 2895 reges
351 2813 504 2897 pastores)
525 2815 709 2896 superiorem
722 2816 890 2900 Aegyptum
909 2833 1071 2895 occupasse
1088 2815 1165 2876 scri-

65 2901 128 2980 psit
141 2899 286 2981 Iosephus
303 2901 445 2962 adversus
458 2901 604 2983 Apionem
619 2900 672 2960 lib.
686 2904 714 2966 1.

138 2998 216 3081 Ἐτη
240 2998 324 3075 ovd'.]
347 3001 395 3062 Ad
414 3003 519 3062 mnndi
541 3004 633 3070 3477.
653 3021 713 3082 quo
724 3019 848 3081 regnare
861 3009 1025 3082 coeperunt
1043 3000 1165 3064 Tanites
1241 3007 1244 3016 '

67 3083 175 3148 additis
195 3087 268 3154 254.
284 3107 396 3146 sunum
410 3087 517 3148 mundi
527 3090 621 3154 3731.
637 3087 862 3166 consequimur,
885 3087 970 3146 cuius
987 3087 1164 3150 succedente

64 3173 161 3238 3732.
182 3171 309 3252 Moysen
323 3181 426 3232 netum
439 3172 537 3254 psgin.
552 3175 602 3240 68.
613 3173 646 3231 Β.
663 3183 693 3231 et
706 3178 757 3238 69.
770 3171 804 3234 B.
825 3190 893 3230 cum
909 3191 1009 3232 errore
1028 3172 1101 3232 licet
1118 3195 1163 3234 ss-

63 3265 199 3317 seruerat
229 3257 384 3335 Georgius.
433 3259 477 3317 En
498 3266 675 3338 tempestate
696 3257 813 3336 Hycsos
840 3255 1041 3316 Hebrseorum
1067 3259 1163 3318 meio·

63 3341 179 3485 rechab
206 3340 359 3422 Aegyptiis
385 3361 536 3424 repressos
565 3353 596 3402 et
625 3342 781 3424 depressos
809 3339 944 3422 depingit
970 3341 1081 3404 citatus
1110 3341 1160 3404 Io·

62 3444 93 3485 se
138 3446 184 3486 ns.

92 3447 113 3506 P
146 3504 313 3590 Ἰόσηππος
333 3509 366 3574 δὲ
387 3511 420 3575 ἐν
443 3515 488 3597 τῷ
506 3507 656 3594 δευτέρῃ]
684 3509 879 3572 Profectionis
901 3531 940 3571 ex
958 3511 1094 3594 Aegypto
1108 3509 1159 3572 hi-

64 3595 189 3656 storiam
200 3595 253 3655 lib.
268 3596 339 3656 int
363 3597 462 3656 ionem
484 3597 583 3676 primo
607 3595 809 3674 consignatum
830 3597 936 3656 oculus
955 3597 1159 3678 deprehendit.

146 3673 217 3744 'mn
238 3685 296 3743 cosi
315 3617 362 3762 eti).
383 3677 456 3762 pessi
472 3677 545 3755 code
566 3679 794 3763 προγραφέντας
811 3675 883 3761 aei]
918 3682 1010 3742 Fallit
1028 3681 1159 3760 seipsum

66 3765 218 3845 Georgius.
255 3764 560 3848 dlisphrognsuthosis
580 3767 658 3826 enim
681 3765 797 3846 Hycsos
827 3767 891 3825 eivs
914 3785 996 3844 reges
1025 3773 1158 3844 pastores

64 3849 141 3911 bello
160 3869 312 3930 eggressus
328 3863 412 3931 peter
425 3849 578 3911 Themosis
596 3850 709 3928 extitit,
732 3850 784 3932 qui
804 3850 924 3910 eosdem
945 3851 1081 3930 Aegypto
1101 3865 1159 3906 ex·

66 3935 168 3996 cedere
187 3935 346 4016 compulit.
387 3937 502 4012 levero
518 3935 660 4016 septimus
674 3945 735 4012 est,
755 3953 818 3994 non
836 3933 1039 3995 duodecimus.
1084 3934 1159 3991 Sans

65 4019 241 4082 duodecimo
256 4041 364 4080 nomen
378 4031 421 4081 est
435 4019 731 4102 Misphrsgmuthesis
739 4063 748 4094 ,
770 4007 825 4078 sed
839 4027 920 4096 geste
932 4018 994 4077 eius
1008 4015 1092 4078 nulls
1110 4017 1158 4077 Io·
1174 4023 1206 4082 P.
1217 4025 1251 4081 86

64 4106 170 4186 sophus
186 4107 220 4166 in
233 4105 365 4165 medium
379 4107 502 4186 profert.
544 4106 579 4164 ln
591 4104 651 4166 hoc
663 4101 866 4164 hallucinatur
890 4102 1053 4182 Georgium
1076 4103 1158 4183 quod

64 4189 241 4253 laterculum
258 4211 345 4250 suum
359 4201 388 4250 et
401 4189 519 4272 Iosephi
534 4190 692 4272 proprium
704 4185 886 4258 confundet,
908 4193 986 4250 etex
1002 4185 1156 4248 nominum

62 4278 204 4354 paritste,
226 4295 302 4355 quse
318 4275 389 4334 hnic
403 4277 601 4356 adoptantur,
623 4274 709 4335 sileri
724 4270 795 4332 velit
810 4269 941 4334 attribui.
985 4275 1074 4354 Reges
1087 4273 1158 4335 illos

63 4361 186 4423 interior
201 4371 271 4421 uots
285 4381 324 4420 ex
337 4359 463 4440 losepbo
477 4361 617 4440 proferet.
