2860 4714
397 305 458 432 l'iT
479 365 834 436 ANNOTATIONES.
1090 361 1164 438 851

59 545 110 598 τες
132 521 169 588 oi
185 515 249 587 ἐπ’
271 521 401 600 αῑῶνος,
429 521 463 586 oi
482 516 662 605 ἅνθρωποι,
684 521 717 587 oi
738 517 909 606 ὀνομαστοί.
947 525 1049 609 Aput
1067 529 1165 590 ctat·

60 608 155 668 dacos
170 609 294 669 Alortss
308 629 438 689 regnum
452 609 544 686 prior
560 609 676 684 terruit,
698 619 725 668 et
745 614 801 689 qui
819 617 966 672 successit
978 613 1166 694 Alcsporua,

59 698 234 776 roeteriqzse
248 697 407 776 principes
429 694 577 753 illorum:
605 692 700 771 Quod
719 697 821 775 ipsum
840 701 982 759 insinuat
1004 703 1168 778 Scriptura

59 801 128 838 ctsrrs
144 779 245 841 dicit:
277 781 426 861 Gigantea
440 799 462 838 a
478 779 601 836 saecuto
618 781 681 840 viri
693 779 815 840 celebres
832 786 927 860 fuere.
969 785 1010 846 Et
1028 785 1079 846 ille
1094 785 1168 867 qui-

59 865 145 943 dem,
168 864 320 926 Eusebius
340 865 500 938 nimirum,
523 884 580 924 ceu
600 866 797 946 παντοδαπῆς
817 868 949 952 ἱστορ1ας
972 870 1094 948 author,
1116 871 1168 932 cui

58 951 149 1010 dubia
164 952 218 1011 vel
233 949 321 1027 falsa,
344 971 407 1010 non
420 949 520 1010 minus
537 969 625 1029 quam
640 959 720 1008 certa
731 952 883 1012 scribendi
897 955 1012 1034 sylvam
1027 956 1167 1034 offerunt,

58 1055 94 1094 ex
108 1037 218 1096 Berosi
231 1035 478 1114 Manethonisque
492 1035 683 1112 commentis,
704 1056 744 1096 ne
758 1036 911 1114 ignoratae
933 1059 1037 1102 eorum
1057 1042 1168 1102 lectio-

55 1123 103 1180 nis
121 1122 187 1182 sibi
204 1121 301 1180 labem
317 1121 532 1198 conscisceret,
560 1122 660 1200 potnit
679 1119 758 1180 bona
771 1122 832 1182 fide
845 1125 1009 1202 nonnulla,
1029 1147 1103 1206 quae
1117 1147 1164 1186 re-

57 1207 169 1284 ferret,
193 1227 260 1266 non
275 1216 435 1282 assereret,
456 1205 516 1266 suis
533 1205 655 1284 scriptis
671 1207 857 1288 inspergere:
878 1209 919 1269 Hi
937 1229 1010 1272 vero
1026 1211 1097 1292 plus
1111 1210 1168 1270 iu-

54 1303 101 1352 sto
122 1293 161 1352 in
182 1294 332 1352 Berosum
361 1301 391 1352 et
411 1289 620 1352 blanetbonem
641 1281 748 1371 isqui,
778 1313 818 1354 ne
843 1295 1033 1373 refellerent,
1063 1315 1168 1356 eorum

56 1388 193 1438 mentem
210 1377 369 1456 benignius
388 1375 581 1458 interpretari
595 1377 791 1436 studuerunt:
814 1399 889 1458 quae
909 1401 995 1442 causa
1015 1390 1059 1442 est
1076 1381 1167 1442 Geor·

56 1463 95 1542 gii
114 1463 327 1543 querelarum:
350 1463 459 1542 quibus
474 1469 630 1542 permotus
645 1461 776 1538 Scaliger
791 1461 936 1526 Notarum
953 1467 986 1526 in
1003 1465 1167 1527 Eusebium

56 1550 161 1628 pagin.
184 1550 260 1615 246.
275 1547 446 1609 mordacius
460 1556 490 1608 et
510 1546 608 1606 acrius
627 1546 660 1604 in
678 1546 844 1608 Authorem
857 1549 1030 1628 invehitur,
1051 1561 1164 1612 etcum
1182 1561 1215 1616 P.
1230 1563 1249 1620 8

54 1634 193 1694 Eusebio
217 1633 373 1713 iniquum,
401 1642 466 1692 tum
489 1632 578 1691 solita
604 1650 658 1690 sua
680 1631 849 1712 pertinacia
872 1635 946 1694 alios
968 1636 1084 1716 insequi
1110 1657 1167 1697 nec

54 1720 221 1800 propriam
236 1720 415 1779 sententiam
435 1717 536 1777 valido
555 1717 664 1796 quovis
685 1727 859 1795 argumento
875 1718 994 1786 &mare
1016 1731 1165 1784 mutatur.

55 1805 146 1878 Quae
158 1825 232 1864 sane
248 1804 441 1864 demiserunt
452 1802 572 1880 Georgii
586 1801 674 1862 dictis
689 1811 720 1862 et
732 1801 926 1882 authoritati,
949 1805 974 1864 si
988 1807 1092 1866 Berosi
1103 1807 1168 1866 Ma·

56 1890 263 1970 nothonisque
278 1890 371 1949 libros
391 1888 459 1947 ialsi
477 1886 648 1967 suspicione
662 1887 774 1947 liberos
796 1887 1012 1952 demonstraret
1027 1891 1168 1970 Scaliger,

57 1985 86 2035 et
107 1995 205 2054 qnam
225 1976 261 2034 ab
285 1973 446 2034 Historicis
469 1973 644 2051 postulant,
675 1973 786 2034 eisdem
809 1974 874 2054 ipse
895 1977 1045 2036 conterret
1066 1975 1167 2042 fidem.

56 2061 121 2120 Eos
134 2061 238 2140 itaque
249 2070 370 2120 secutus
386 2057 529 2118 Eusebius
542 2059 592 2118 vel
605 2057 737 2138 Scaliger
753 2077 902 2140 nusquam
916 2062 1058 2142 probabit
1073 2081 1168 2142 prope

57 2145 168 2206 mnndi
195 2155 336 2206 exortum
364 2143 582 2204 Chaldaeorum
605 2153 637 2204 et
656 2143 874 2224 Aegyptiorum
901 2143 1041 2208 instituta
1064 2167 1167 2227 regna,

57 2251 116 2291 nec
132 2239 207 2290 ante
228 2231 381 2291 diluvium
400 2238 448 2288 tot
464 2238 577 2307 queunt
599 2229 725 2289 excitari
738 2231 913 2310 Dynastiae,
934 2241 981 2292 tot
1000 2233 1096 2294 creari
1117 2253 1168 2292 re-

58 2335 128 2395 ges,
152 2335 259 2376 eorum
275 2315 382 2376 referri
402 2323 450 2374 tot
465 2313 603 2391 nomina,
628 2335 705 2393 quae
719 2315 880 2376 validiores
895 2319 1017 2398 Georgii
1036 2319 1169 2382 rationes

58 2421 95 2462 ex
111 2401 269 2482 scriptura
285 2403 480 2482 depromptae
495 2419 558 2458 uon
573 2401 719 2478 perdant,
742 2410 794 2458 aut
811 2402 981 2480 profligent.

145 2481 421 2568 Στοιχειωθήσεται
432 2485 466 2550 ἐκ
479 2483 563 2566 τῶν]
585 2483 677 2558 Quod
693 2485 853 2563 exequitur
869 2507 908 2548 ex
921 2487 1101 2550 Manethons
1114 2487 1169 2548 in·

58 2571 153 2633 iarius
171 2593 239 2652 pag.
256 2579 307 2638 17.
323 2582 353 2631 et
369 2575 419 2638 18.

154 2662 204 2743 Τῷ
217 2650 303 2742 ,emb
322 2660 381 2720 rosi
397 2647 535 2736 stirpam]
558 2653 714 2735 anlioem
736 2673 774 2714 ex
788 2653 925 2716 Autbore
943 2677 1036 2736 cogor
1058 2657 1170 2716 admit-

60 2751 130 2803 tere
139 2741 316 2802 descensum
326 2743 554 2820 Egregororum:
566 2740 700 2822 primum
709 2739 746 2798 de
759 2759 819 2820 quo
832 2741 891 2800 iam
900 2742 1001 2821 pagin.
1017 2746 1067 2808 11.
1076 2742 1123 2802 lit.
1133 2743 1168 2801 B.

60 2838 92 2886 et
109 2827 279 2888 secundum
297 2827 349 2888 hic
363 2835 570 2886 memoratum.
611 2825 779 2886 Descsnsus
793 2825 846 2886 ille
861 2829 928 2906 quis
942 2828 984 2886 sit
997 2847 1096 2908 nuper
1113 2847 1171 2888 ex·

83 2914 172 2973 osuit.

59 2933 80 2993 P
148 2993 217 3062 Atio
235 2984 342 3061 aletis
359 3000 421 3060 sois
441 2989 519 3077 pigi.
539 2993 639 3075 iusim]
666 2995 754 3056 Prior
770 3013 837 3077 pag.
860 3001 909 3064 10.
931 2995 969 3060 l).
992 2996 1169 3058 celebratur.

63 3084 201 3162 Spatium
219 3103 293 3143 vero
310 3103 371 3163 quo
390 3085 471 3142 buna
488 3083 526 3140 ad
541 3083 659 3159 signum
678 3081 759 3141 idem
775 3081 911 3162 signique
924 3093 1073 3163 punctum
1087 3085 1168 3144 lucis

62 3189 134 3228 suae
148 3169 302 3250 principio
322 3169 371 3228 vel
387 3167 477 3248 plena
493 3167 579 3248 copia
596 3167 744 3243 recurrit,
766 3169 852 3228 annis
871 3169 1067 3229 novendecim
1091 3191 1167 3250 pro·

61 3255 218 3332 tenditur,
250 3263 281 3314 et
302 3254 381 3334 cycli
402 3253 518 3312 lunaris
538 3243 699 3331 insignit'ur
722 3254 853 3312 nomine.
904 3255 1033 3334 Tempus
1056 3255 1168 3316 iterum

62 3362 122 3421 quo
135 3349 264 3400 cunctae
283 3338 478 3398 Dominicales
490 3338 607 3399 litteras
621 3338 746 3416 singulis
760 3339 846 3398 annis
865 3339 1042 3400 distributae
1056 3361 1090 3401 eo
1106 3363 1166 3421 quo

61 3427 242 3508 inceperant
257 3425 374 3505 disper
394 3423 532 3484 ordinem
551 3425 679 3485 redeunt
693 3425 875 3484 emetiendae
890 3425 976 3486 annis
992 3447 1054 3486 non
1070 3428 1168 3486 minus

63 3523 133 3572 osto
149 3531 243 3591 supra
256 3510 366 3589 viginti
380 3509 562 3586 absolvitur,
584 3530 644 3590 quo
664 3510 769 3588 cyclus
787 3510 893 3572 solaris
916 3511 1016 3574 dictus
1035 3512 1250 3591 energiam

63 3597 219 3658 Alteruter
236 3607 335 3656 sutem
359 3617 415 3676 per
434 3595 612 3656 alterutrum
631 3595 741 3654 duetus
763 3597 882 3676 cyclum
907 3599 979 3664 582.
1003 3599 1168 3678 componit,
1261 3619 1264 3624 ·
1311 3605 1316 3614 “

63 3685 153 3763 nilgo
172 3679 398 3742 Methonieum:
419 3691 594 3762 postquem
613 3681 704 3742 semel
718 3701 754 3740 ac
770 3683 881 3744 iterum
900 3683 1053 3746 evolutum
1075 3683 1114 3742 ad
1129 3681 1170 3742 fi-

64 3769 118 3830 lias
131 3768 292 3828 hominum
306 3767 451 3827 transitus
464 3777 655 3828 memoratur.

150 3853 216 3917 Kal
234 3854 344 3932 συνῆξε
365 3848 477 3935 sipont
490 3848 546 3934 pel.
563 3851 614 3918 ert
631 3850 779 3934 βασιλέων
800 3849 898 3932 diam]
920 3852 1012 3932 Reges
1026 3851 1097 3912 illos
1114 3851 1170 3910 de-

67 3959 129 4000 cem
143 3939 263 4019 prosert
276 3939 440 4000 succedens
456 3940 575 4018 pagina.
618 3941 705 3998 Saros
722 3947 842 3998 centum
856 3947 887 3997 st
899 3937 1000 3998 decem
1013 3957 1051 3997 sx
1060 3955 1171 3996 novem

68 4027 212 4086 aetatibus
237 4025 389 4102 collectis,
418 4025 493 4084 alios
514 4026 617 4084 decem
634 4025 720 4086 annis
743 4022 841 4082 Dsoni
862 4021 939 4101 regis
959 4027 1012 4091 99.
1036 4020 1101 4100 (qui
1113 4021 1170 4082 lu-

67 4109 136 4171 liani
150 4105 238 4196 sunt)
257 4109 290 4170 in
306 4109 385 4187 dies,
408 4109 513 4170 diebus
526 4131 598 4170 vero
611 4110 644 4170 in
665 4114 753 4170 Saros
770 4107 940 4168 distributis
956 4107 1096 4168 conficies
1111 4105 1171 4168 boc

66 4207 164 4276 pacto.
207 4197 257 4256 Ex
278 4195 365 4254 annis
390 4200 440 4262 99.
461 4195 494 4254 in
515 4196 577 4256 dies
596 4197 736 4256 resolutis
759 4192 864 4276 (ducto
885 4197 937 4260 99·
955 4213 1010 4274 per
1026 4195 1099 4260 365.
1113 4214 1171 4254 nu.

66 4285 162 4365 mero)
176 4283 243 4343 dies
256 4279 406 4340 subducto
420 4282 534 4348 36135.
548 4281 611 4342 dies
626 4281 743 4342 istosin
754 4283 853 4354 Saros,
867 4276 926 4338 boo
940 4289 994 4358 est,
1007 4301 1063 4362 per
1077 4285 1171 4348 8000.

66 4367 183 4430 divide:
209 4369 301 4428 Saros
319 4365 468 4428 obtinebis
486 4371 537 4432 10.
550 4376 581 4430 st
595 4366 659 4428 dies
674 4366 798 4447 insuper
814 4365 886 4432 136.
