2960 4716
284 375 335 452 32
661 381 704 452 G.
726 379 768 450 G.
789 379 993 453 BREDOVII

286 546 343 608 τοῦ
357 537 485 626 μεγάλου
498 533 628 604 dohaec
643 536 801 614 Μωῦσὲως
813 536 882 621 περὶ
895 541 949 619 τῆς
962 535 1111 614 πολιτείας
1120 531 1210 620 ’Adolp
1226 537 1277 602 sal
1291 537 1380 614 Εὔας

285 620 613 708 τοῖνπρωτοπλάστων,
636 619 966 704 ἄποπαλυφθεῖσα
980 619 1083 728 copel
1103 627 1171 688 soal
1189 629 1305 698 θεοῦ,
1325 620 1379 688 ’ὅτε

285 709 338 785 vale
364 705 480 784 πλάκας
506 715 562 773 τοῦ
586 703 681 790 νόμου
707 709 825 785 ἐδέξατο
845 707 878 772 ἐκ
897 704 994 790 χειρδς
1016 713 1121 785 αυτοῦ,
1145 708 1297 788 διδαχθεὶς
1318 706 1384 772 sind

283 800 340 859 τοῦ
356 789 545 879 Ἀρχαγγέλου
559 790 693 874 Μιχαήλ.
713 823 756 838 -
776 791 963 874 Epiphanius
978 793 1104 872 denique
1118 791 1234 852 haeresi
1248 797 1298 858 89.
1309 813 1334 852 c
1347 799 1379 859 6.

283 880 393 951 tradit,
422 900 546 961 parvam
571 879 701 938 Genesin
720 886 751 937 et
778 872 932 958 Ἰωβηλαία
951 877 1069 954 vocari,
1099 878 1200 938 forsan
1222 877 1305 957 quod
1323 897 1382 958 per

283 965 432 1044 Iobelaea‚
452 965 473 1026 i.
487 985 511 1024 e.
525 983 579 1043 per
592 963 688 1044 spatia
703 961 916 1042 quinquaginta
933 982 1079 1025 ennomus
1097 961 1208 1040 digesta
1222 970 1294 1021 erat.

368 1049 490 1128 Signum
515 1067 635 1127 magnae
657 1047 745 1108 huius
764 1047 835 1108 libri
855 1047 1041 1106 auctoritatis
1064 1053 1123 1123 est,
1145 1045 1225 1126 quod
1240 1067 1261 1106 e
1276 1046 1381 1125 lingua

283 1133 427 1194 Hebraico
440 1134 472 1192 in
486 1133 619 1210 linguam
637 1133 780 1192 Graecam
795 1133 939 1192 translata
952 1133 1024 1203 fuit,
1045 1140 1075 1189 et
1087 1151 1264 1210 quamquam
1280 1131 1380 1190 Geor-

282 1219 349 1298 gius
361 1219 477 1294 metuit,
499 1237 536 1277 ne
549 1217 642 1276 animi
656 1217 852 1297 simpliciores
867 1235 900 1275 eo
915 1215 1102 1298 decipiantur
1115 1213 1160 1298 (p.
1176 1222 1225 1282 27.
1240 1212 1291 1298 A.)
1312 1217 1381 1296 ipse

281 1313 383 1364 tamen
397 1303 491 1362 multa
502 1323 541 1361 ex
553 1301 612 1361 hoc
625 1304 708 1362 fonte
719 1300 829 1362 hausit.
873 1301 1106 1360 continebantur
1116 1301 1175 1360 hoc
1187 1300 1265 1360 libro
1280 1299 1380 1360 inter-

281 1387 464 1470 pretationes
492 1389 638 1446 Geneseos
667 1401 684 1445 a
705 1386 877 1446 doctoribus
897 1385 1050 1445 Hebraicis
1069 1385 1190 1462 doctae,
1218 1385 1379 1465 ampliores

281 1474 480 1534 essasrationes
506 1491 608 1532 rerum
632 1493 649 1531 a
668 1469 848 1532 Patriarcbis
867 1481 1030 1550 gestarum,
1052 1471 1243 1548 traditiones,
1266 1470 1379 1548 quibus

279 1558 443 1637 antiquitas
473 1551 678 1616 luctoritstem
714 1557 775 1616 fere
800 1553 932 1616 divinam
959 1555 1125 1619 addiderat.
1176 1554 1378 1628 Quamobrem

281 1642 440 1726 Georgipm
457 1659 490 1701 ea
504 1661 622 1721 quoque
635 1642 668 1701 in
682 1637 921 1701 Patriarchsrum
933 1639 1072 1717 historia,
1095 1659 1218 1720 quorum
1233 1640 1298 1697 fons
1310 1659 1379 1698 non

279 1737 372 1808 patet,
393 1725 522 1786 maxime
543 1747 579 1786 ex
596 1724 654 1785 hoc
670 1725 747 1785 libro
763 1725 903 1798 hausisse,
925 1724 1004 1784 haud
1017 1735 1127 1784 temere
1143 1724 1286 1784 coniicere
1298 1723 1378 1782 mihi
1471 1749 1472 1758 2

279 1811 393 1872 videor.
436 1812 522 1871 Certe
536 1811 654 1889 quidem
669 1810 842 1888 fragmentis
857 1829 874 1866 a
888 1809 1023 1868 Fabricio
1038 1809 1175 1868 collectis
1190 1829 1253 1889 pag.
1267 1811 1329 1876 888
1343 1819 1379 1868 et

279 1899 360 1974 839,
383 1905 414 1955 et
433 1916 500 1976 pag.
515 1897 577 1964 849
593 1929 635 1942 —
651 1895 713 1961 864
727 1894 786 1954 duo
801 1913 817 1954 e
834 1891 961 1971 Georgio
974 1903 1078 1954 nostro
1098 1894 1169 1954 addi
1181 1903 1315 1974 possunt.
1334 1927 1375 1938 -

279 1981 370 2059 ,‚Pag.
392 1987 443 2048 27.
467 1981 498 2040 G.
514 1981 546 2042 ll.
566 1979 710 2059 Georgius
731 1999 769 2039 ex
786 1979 966 2058 Apocalypsi
983 1978 1072 2038 Mesia
1086 1988 1201 2054 namet,
1226 1979 1378 2057 Gigantes,

278 2065 300 2128 i.
323 2085 348 2128 c.
363 2064 441 2124 filios
453 2065 633 2142 Angelorum
649 2073 679 2123 et
693 2063 824 2124 filiarum
842 2063 1010 2138 hominum,
1034 2064 1148 2124 invidia
1166 2073 1379 2144 postmortem

277 2159 383 2226 motos,
399 2149 477 2208 filios
489 2150 567 2208 Notis
582 2151 616 2208 in
630 2169 758 2208 errorem
774 2148 937 2209 induxisse.
981 2149 1081 2222 Quum
1100 2169 1172 2208 vero
1185 2149 1249 2208 Noti
1266 2167 1379 2207 orave-

275 2233 331 2309 rit,
354 2243 390 2292 ut
413 2235 449 2290 ab
471 2234 513 2292 eis
534 2233 731 2308 diseedereut;
754 2234 816 2293 Deo
840 2233 959 2293 iubente
978 2253 1087 2294 novem
1108 2243 1209 2314 partes
1223 2233 1259 2292 ab
1276 2231 1377 2292 Arch-

275 2319 380 2395 angelo
401 2316 546 2376 michaele
562 2319 593 2377 in
612 2319 750 2402 abyssum
763 2318 891 2378 deiectas
906 2337 968 2377 essa
984 2317 1130 2398 usquead
1149 2317 1226 2377 diem
1248 2317 1375 2394 iudicii;

275 2402 422 2461 decimam
449 2411 548 2461 autem
574 2403 694 2462 diabolo
716 2402 834 2481 roganti
857 2423 1027 2476 concessam
1053 2423 1128 2478 essa,
1154 2411 1189 2460 ut
1215 2400 1376 2462 hominum

273 2487 366 2548 fidem
382 2505 448 2567 erga
469 2488 562 2547 Deum
577 2490 755 2548 tentarent.’'
776 2517 818 2534 ·-
838 2487 897 2564 „Et
914 2507 979 2570 pag.
995 2492 1046 2555 98.
1063 2489 1096 2549 ll.
1111 2485 1134 2566 η’
1151 2484 1242 2566 λεπτή
1256 2485 1377 2568 γένεσίς

275 2589 389 2652 φησιν,
410 2581 577 2632 maternum
598 2571 685 2633 svuln
702 2573 815 2632 Abraae
838 2573 939 2631 eodem
959 2573 1077 2631 nomine
1100 2571 1225 2631 Abraam
1249 2589 1376 2630 nuncu·
1471 2583 1472 2598 ¹

272 2665 378 2738 patum
400 2677 475 2734 esse;
499 2659 601 2718 Sanam
626 2677 699 2719 vero
725 2676 859 2718 sororem
881 2677 920 2718 ex
944 2659 1047 2718 eodem
1070 2675 1140 2716 cum
1161 2656 1259 2716 Abrae
1286 2665 1376 2737 patre

271 2742 458 2823 progenitam
471 2741 593 2806 fuisse.”

362 2827 472 2888 Contra
490 2849 584 2888 unum
605 2829 812 2906 fragmentum,
835 2825 915 2906 quod
930 2824 1086 2885 Fabricius
1101 2843 1168 2904 pag.
1182 2823 1250 2890 142.
1261 2843 1375 2906 parvae

276 2911 385 2970 Genesi
407 2912 530 2988 tribuit,
554 2911 627 2971 huie
649 2913 726 2971 libro
750 2911 940 2972 donabimus.
984 2910 1147 2988 Gregorius
1169 2919 1289 2986 namet,
1316 2912 1376 2968 Se-

274 2993 363 3054 thum
380 2995 602 3074 quadragesimo
625 2997 727 3056 aetatis
748 3017 826 3072 anno
848 2995 885 3054 ab
910 2995 1028 3074 Angelis
1051 3005 1171 3074 raptum
1191 2993 1375 3054 revelatione

276 3080 380 3140 divina
417 3079 557 3140 didicisse
582 3081 799 3160 Egregororum
828 3081 958 3154 crimen,
989 3079 1136 3139 diluvium
1161 3081 1313 3152 futurum,
1343 3089 1376 3140 et

276 3165 450 3224 Saloutaria
471 3163 647 3226 adventante
675 3185 886 3246 reversumque
910 3175 979 3245 post
999 3165 1193 3244 quadraginta
1213 3165 1275 3224 dies
1297 3163 1375 3225 haec

276 3249 332 3310 sibi
346 3251 476 3310 revelata
496 3250 600 3332 primis
615 3252 785 3330 parentibus
801 3252 972 3331 exposuisse
992 3259 1049 3309 etc.
1069 3251 1294 3328 -Gsegorius
1314 3269 1377 3308 au-

276 3343 406 3411 ctorem,
428 3355 515 3415 quem
529 3337 675 3415 sequitur,
696 3357 758 3395 non
770 3335 918 3407 nominat;
940 3335 972 3394 in
988 3334 1160 3414 fragmentis
1176 3355 1247 3394 vero
1261 3353 1376 3414 parvae

277 3420 423 3478 Geueseos
445 3421 551 3481 nullibi
572 3419 730 3499 vestigium
753 3421 888 3480 vaticinii
907 3420 939 3478 in
964 3419 1099 3480 blesaiam
1123 3427 1174 3479 aut
1197 3419 1376 3496 religionem

273 3503 466 3563 christianam
482 3505 676 3586 deprenditur
682 3527 691 3583 3
714 3505 776 3582 sed,
801 3505 847 3564 uti
860 3525 898 3565 ex
911 3505 1095 3584 Hieronymo
1110 3503 1281 3574 didicimus,
1303 3505 1375 3561 He-

274 3589 375 3647 braico
387 3589 463 3649 liber
474 3590 603 3670 scriptus
616 3589 689 3666 fuit,
711 3609 808 3670 neque
822 3590 950 3668 cogitare
964 3589 1051 3664 licet,
1073 3587 1288 3668 Hieronymum
1302 3609 1375 3649 ver·
1471 3587 1472 3628 ἶ

270 3673 385 3733 sionem
408 3673 581 3734 Hebraicam
602 3673 794 3735 laudaturum
815 3675 924 3752 fuisse,
945 3673 971 3734 si
992 3673 1069 3734 liber
1088 3673 1245 3752 originitus
1267 3693 1374 3750 graeca

270 3759 401 3839 scriptus
418 3759 527 3820 fuisset.
570 3759 816 3839 Antiquissimus,
838 3759 889 3839 qui
905 3779 1028 3840 parvam
1043 3759 1171 3818 Genesin
1184 3758 1303 3834 laudat,
1326 3767 1374 3818 est

269 3843 487 3924 Epaphanius,
522 3846 575 3923 qui
604 3845 702 3905 medio
726 3843 844 3906 saeculo
873 3853 978 3923 quarto
1002 3853 1073 3924 post
1096 3841 1165 3902 Chr.
1189 3851 1251 3902 nat.
1274 3841 1399 3919 vixit3'

270 3930 392 4010 eiusque
405 3937 498 3988 aetate
509 3929 585 3989 liber
600 3929 659 3990 iam
675 3931 868 4011 pervulgatus
883 3929 974 3989 fuisse
986 3929 1115 3988 videtur.
1158 3927 1295 3988 Fortasse
1309 3927 1369 3986 iam
1471 3955 1472 3974 ι

271 4013 503 4077 catecheses.
521 4015 653 4094 scriptus
666 4026 724 4094 eat,
746 4025 786 4092 et,
808 4014 842 4074 ni
857 4015 963 4090 faHor,
985 4013 1049 4094 ipse
1067 4011 1210 4094 Iosephus
1225 4011 1370 4072 traditio-

270 4117 323 4158 nes
336 4099 472 4160 ludaicas
486 4119 524 4158 ex
537 4119 571 4158 eo
585 4099 699 4160 hausit:
725 4111 804 4160 certe
817 4099 919 4159 eadem
934 4099 1004 4176 fere,
1022 4099 1141 4178 quaein
1153 4097 1260 4156 Genesi
1274 4112 1372 4175 parva·

270 4181 382 4244 tradita
398 4193 485 4261 sunt,
508 4193 625 4260 narrat,
648 4183 840 4264 quamobrem
860 4185 1005 4262 Georgius
1026 4192 1056 4242 et
1077 4184 1128 4242 alii
1150 4183 1304 4242 interdum
1324 4179 1371 4264 (p.

271 4271 301 4334 8.
317 4267 367 4342 l).;
389 4267 517 4328 michael
532 4269 641 4348 Glycas
657 4289 687 4350 p.
705 4269 780 4344 1043
805 4269 950 4346 Georgius
966 4267 1118 4327 cedrenus
1133 4289 1165 4348 p.
1179 4270 1221 4344 8.)
1246 4265 1371 4346 losephi

271 4350 482 4422 auctoritatem
501 4363 531 4414 et
552 4373 663 4435 parvae
686 4353 831 4416 Genesecs
856 4353 1053 4433 coniungunt.
1076 4383 1119 4400 -
1142 4353 1197 4412 llle
1223 4351 1310 4412 lours
1331 4351 1372 4410 de
1471 4391 1472 4398 .
