<?xml version="1.0" encoding="UTF-8"?>
<!DOCTYPE html PUBLIC "-//W3C//DTD XHTML 1.0 Transitional//EN"
    "http://www.w3.org/TR/xhtml1/DTD/xhtml1-transitional.dtd">
<html xmlns="http://www.w3.org/1999/xhtml" xml:lang="en" lang="en">
 <head>
  <title>
</title>
<meta http-equiv="Content-Type" content="text/html;charset=utf-8" />
  <meta name='ocr-system' content='tesseract 3.04.00' />
  <meta name='ocr-capabilities' content='ocr_page ocr_carea ocr_par ocr_line ocrx_word'/>
</head>
<body>
  <div class='ocr_page' id='page_1' title='image "./corpusscriptoru15niebgoog_0566.png"; bbox 0 0 2944 4716; ppageno 0'>
   <div class='ocr_carea' id='block_1_1' title="bbox 399 361 1180 440">
    <p class='ocr_par' dir='ltr' id='par_1_1' title="bbox 399 361 1180 440">
     <span class='ocr_line' id='line_1_1' title="bbox 399 361 1180 440; baseline 0.005 -4"><span class='ocrx_word' id='word_1_1' title='bbox 399 369 460 436; x_wconf 84' lang='lat' dir='ltr'><strong>ET</strong></span> <span class='ocrx_word' id='word_1_2' title='bbox 483 369 838 440; x_wconf 80' lang='lat' dir='ltr'><strong>ANNOTATIONES.</strong></span> <span class='ocrx_word' id='word_1_3' title='bbox 1101 361 1180 440; x_wconf 77' lang='grc'><strong>648</strong></span> 
     </span>
    </p>
   </div>
   <div class='ocr_carea' id='block_1_2' title="bbox 70 522 1179 2394">
    <p class='ocr_par' dir='ltr' id='par_1_2' title="bbox 77 522 1179 1272">
     <span class='ocr_line' id='line_1_2' title="bbox 82 522 1178 612; baseline 0.001 -20"><span class='ocrx_word' id='word_1_4' title='bbox 82 528 220 592; x_wconf 83' lang='lat' dir='ltr'><strong>motandi</strong></span> <span class='ocrx_word' id='word_1_5' title='bbox 234 535 334 610; x_wconf 84' lang='lat' dir='ltr'><strong>posset</strong></span> <span class='ocrx_word' id='word_1_6' title='bbox 348 546 410 588; x_wconf 85' lang='lat' dir='ltr'><strong>esse</strong></span> <span class='ocrx_word' id='word_1_7' title='bbox 422 537 495 588; x_wconf 85' lang='lat' dir='ltr'><strong>nou</strong></span> <span class='ocrx_word' id='word_1_8' title='bbox 511 527 691 605; x_wconf 82' lang='lat' dir='ltr'><strong>certissime,</strong></span> <span class='ocrx_word' id='word_1_9' title='bbox 716 529 775 590; x_wconf 90' lang='lat' dir='ltr'><strong>nisi</strong></span> <span class='ocrx_word' id='word_1_10' title='bbox 792 548 839 591; x_wconf 88' lang='lat' dir='ltr'><strong>rne</strong></span> <span class='ocrx_word' id='word_1_11' title='bbox 856 530 972 592; x_wconf 85' lang='lat' dir='ltr'><strong>numeri</strong></span> <span class='ocrx_word' id='word_1_12' title='bbox 986 522 1036 612; x_wconf 76' lang='grc' dir='ltr'><strong>ιη’.</strong></span> <span class='ocrx_word' id='word_1_13' title='bbox 1049 534 1101 599; x_wconf 82' lang='grc'><strong>18.</strong></span> <span class='ocrx_word' id='word_1_14' title='bbox 1115 531 1178 594; x_wconf 74' lang='lat' dir='ltr'><strong>Me.</strong></span> 
     </span>
     <span class='ocr_line' id='line_1_3' title="bbox 81 613 1179 694; baseline 0.003 -19"><span class='ocrx_word' id='word_1_15' title='bbox 81 617 116 675; x_wconf 89' lang='lat' dir='ltr'><strong>in</strong></span> <span class='ocrx_word' id='word_1_16' title='bbox 137 615 273 674; x_wconf 88' lang='lat' dir='ltr'><strong>omnibns</strong></span> <span class='ocrx_word' id='word_1_17' title='bbox 295 613 468 688; x_wconf 74' lang='lat' dir='ltr'><strong>consensio,</strong></span> <span class='ocrx_word' id='word_1_18' title='bbox 496 623 526 672; x_wconf 86' lang='lat' dir='ltr'><strong>et</strong></span> <span class='ocrx_word' id='word_1_19' title='bbox 544 633 634 692; x_wconf 90' lang='lat' dir='ltr'><strong>quam</strong></span> <span class='ocrx_word' id='word_1_20' title='bbox 653 615 790 694; x_wconf 87' lang='lat' dir='ltr'><strong>superius</strong></span> <span class='ocrx_word' id='word_1_21' title='bbox 811 616 967 676; x_wconf 83' lang='lat' dir='ltr'><strong>observari</strong></span> <span class='ocrx_word' id='word_1_22' title='bbox 988 637 1057 678; x_wconf 90' lang='lat' dir='ltr'><strong>oum</strong></span> <span class='ocrx_word' id='word_1_23' title='bbox 1079 616 1179 677; x_wconf 82' lang='lat' dir='ltr'><strong>Theo-</strong></span> 
     </span>
     <span class='ocr_line' id='line_1_4' title="bbox 80 697 1178 782; baseline 0.001 -20"><span class='ocrx_word' id='word_1_24' title='bbox 80 701 181 782; x_wconf 72' lang='lat' dir='ltr'><strong>phane</strong></span> <span class='ocrx_word' id='word_1_25' title='bbox 198 699 316 778; x_wconf 76' lang='lat' dir='ltr'><strong>Georgii</strong></span> <span class='ocrx_word' id='word_1_26' title='bbox 329 697 491 758; x_wconf 83' lang='lat' dir='ltr'><strong>concordis</strong></span> <span class='ocrx_word' id='word_1_27' title='bbox 501 699 653 758; x_wconf 82' lang='lat' dir='ltr'><strong>retineret.</strong></span> <span class='ocrx_word' id='word_1_28' title='bbox 675 697 764 772; x_wconf 84' lang='lat' dir='ltr'><strong>Quod</strong></span> <span class='ocrx_word' id='word_1_29' title='bbox 779 701 890 759; x_wconf 80' lang='lat' dir='ltr'><strong>veritas</strong></span> <span class='ocrx_word' id='word_1_30' title='bbox 905 711 1063 782; x_wconf 76' lang='lat' dir='ltr'><strong>extorquet</strong></span> <span class='ocrx_word' id='word_1_31' title='bbox 1073 703 1178 763; x_wconf 83' lang='lat' dir='ltr'><strong>lubens</strong></span> 
     </span>
     <span class='ocr_line' id='line_1_5' title="bbox 80 782 1179 865; baseline -0.002 -19"><span class='ocrx_word' id='word_1_32' title='bbox 80 787 189 846; x_wconf 81' lang='lat' dir='ltr'><strong>fateor.</strong></span> <span class='ocrx_word' id='word_1_33' title='bbox 209 785 308 844; x_wconf 77' lang='lat' dir='ltr'><strong>Annos</strong></span> <span class='ocrx_word' id='word_1_34' title='bbox 320 788 370 850; x_wconf 89' lang='lat'><strong>18.</strong></span> <span class='ocrx_word' id='word_1_35' title='bbox 391 783 458 841; x_wconf 89' lang='lat' dir='ltr'><strong>Lini</strong></span> <span class='ocrx_word' id='word_1_36' title='bbox 475 782 667 842; x_wconf 87' lang='lat' dir='ltr'><strong>Pontificstns</strong></span> <span class='ocrx_word' id='word_1_37' title='bbox 683 793 821 842; x_wconf 80' lang='lat' dir='ltr'><strong>numerat</strong></span> <span class='ocrx_word' id='word_1_38' title='bbox 833 783 1000 865; x_wconf 69' lang='lat' dir='ltr'><strong>Georgius?</strong></span> <span class='ocrx_word' id='word_1_39' title='bbox 1022 787 1083 848; x_wconf 88' lang='lat' dir='ltr'><strong>Sub</strong></span> <span class='ocrx_word' id='word_1_40' title='bbox 1099 789 1179 849; x_wconf 77' lang='lat' dir='ltr'><strong>Tro-</strong></span> 
     </span>
     <span class='ocr_line' id='line_1_6' title="bbox 79 866 1179 954; baseline 0.003 -24"><span class='ocrx_word' id='word_1_41' title='bbox 79 873 151 931; x_wconf 90' lang='lat' dir='ltr'><strong>iano</strong></span> <span class='ocrx_word' id='word_1_42' title='bbox 175 869 281 946; x_wconf 76' lang='lat' dir='ltr'><strong>igitur,</strong></span> <span class='ocrx_word' id='word_1_43' title='bbox 310 867 391 948; x_wconf 89' lang='lat' dir='ltr'><strong>quod</strong></span> <span class='ocrx_word' id='word_1_44' title='bbox 412 867 578 928; x_wconf 88' lang='lat' dir='ltr'><strong>communis</strong></span> <span class='ocrx_word' id='word_1_45' title='bbox 600 866 815 946; x_wconf 80' lang='lat' dir='ltr'><strong>Chronologiso</strong></span> <span class='ocrx_word' id='word_1_46' title='bbox 836 888 900 930; x_wconf 78' lang='lat' dir='ltr'><strong>vox</strong></span> <span class='ocrx_word' id='word_1_47' title='bbox 921 871 1043 948; x_wconf 79' lang='lat' dir='ltr'><strong>asserit,</strong></span> <span class='ocrx_word' id='word_1_48' title='bbox 1062 873 1179 954; x_wconf 71' lang='lat' dir='ltr'><strong>mirty-</strong></span> 
     </span>
     <span class='ocr_line' id='line_1_7' title="bbox 79 953 1177 1018; baseline 0.001 -2"><span class='ocrx_word' id='word_1_49' title='bbox 79 958 161 1016; x_wconf 89' lang='lat' dir='ltr'><strong>rinm</strong></span> <span class='ocrx_word' id='word_1_50' title='bbox 177 956 310 1015; x_wconf 89' lang='lat' dir='ltr'><strong>Clemens</strong></span> <span class='ocrx_word' id='word_1_51' title='bbox 324 953 455 1012; x_wconf 86' lang='lat' dir='ltr'><strong>subiicit.</strong></span> <span class='ocrx_word' id='word_1_52' title='bbox 484 953 618 1014; x_wconf 85' lang='lat' dir='ltr'><strong>Clemens</strong></span> <span class='ocrx_word' id='word_1_53' title='bbox 637 953 669 1012; x_wconf 93' lang='lat' dir='ltr'><strong>in</strong></span> <span class='ocrx_word' id='word_1_54' title='bbox 683 953 841 1013; x_wconf 83' lang='lat' dir='ltr'><strong>adversum</strong></span> <span class='ocrx_word' id='word_1_55' title='bbox 855 954 933 1014; x_wconf 87' lang='lat' dir='ltr'><strong>circa</strong></span> <span class='ocrx_word' id='word_1_56' title='bbox 946 955 1107 1016; x_wconf 79' lang='lat' dir='ltr'><strong>Domitiani</strong></span> <span class='ocrx_word' id='word_1_57' title='bbox 1123 958 1177 1018; x_wconf 83' lang='lat' dir='ltr'><strong>iu-</strong></span> 
     </span>
     <span class='ocr_line' id='line_1_8' title="bbox 79 1037 1177 1118; baseline -0.001 -16"><span class='ocrx_word' id='word_1_58' title='bbox 79 1043 203 1102; x_wconf 87' lang='lat' dir='ltr'><strong>teritum</strong></span> <span class='ocrx_word' id='word_1_59' title='bbox 224 1062 241 1099; x_wconf 90' lang='lat' dir='ltr'><strong>a</strong></span> <span class='ocrx_word' id='word_1_60' title='bbox 260 1039 425 1098; x_wconf 71' lang='lat' dir='ltr'><strong>Domitiano</strong></span> <span class='ocrx_word' id='word_1_61' title='bbox 447 1037 544 1098; x_wconf 84' lang='lat' dir='ltr'><strong>iussus</strong></span> <span class='ocrx_word' id='word_1_62' title='bbox 562 1047 607 1098; x_wconf 86' lang='lat' dir='ltr'><strong>est</strong></span> <span class='ocrx_word' id='word_1_63' title='bbox 622 1038 776 1099; x_wconf 69' lang='lat' dir='ltr'><strong>interimi?</strong></span> <span class='ocrx_word' id='word_1_64' title='bbox 804 1039 897 1100; x_wconf 87' lang='lat' dir='ltr'><strong>Linus</strong></span> <span class='ocrx_word' id='word_1_65' title='bbox 914 1040 1013 1118; x_wconf 80' lang='lat' dir='ltr'><strong>itaquo</strong></span> <span class='ocrx_word' id='word_1_66' title='bbox 1032 1059 1095 1098; x_wconf 89' lang='lat' dir='ltr'><strong>non</strong></span> <span class='ocrx_word' id='word_1_67' title='bbox 1114 1042 1177 1102; x_wconf 84' lang='lat' dir='ltr'><strong>nisi</strong></span> 
     </span>
     <span class='ocr_line' id='line_1_9' title="bbox 79 1122 1177 1272; baseline 0.004 -88"><span class='ocrx_word' id='word_1_68' title='bbox 79 1125 263 1272; x_wconf 62' lang='lat' dir='ltr'><strong>spriptoiqsb</strong></span> <span class='ocrx_word' id='word_1_69' title='bbox 276 1122 513 1268; x_wconf 30' lang='lat' dir='ltr'><strong>{insebioupnnos</strong></span> <span class='ocrx_word' id='word_1_70' title='bbox 528 1127 577 1190; x_wconf 84' lang='lat'><strong>11.</strong></span> <span class='ocrx_word' id='word_1_71' title='bbox 593 1133 695 1206; x_wconf 87' lang='lat' dir='ltr'><strong>potest</strong></span> <span class='ocrx_word' id='word_1_72' title='bbox 709 1123 858 1186; x_wconf 82' lang='lat' dir='ltr'><strong>obtinere:</strong></span> <span class='ocrx_word' id='word_1_73' title='bbox 880 1133 969 1205; x_wconf 82' lang='lat' dir='ltr'><strong>etque</strong></span> <span class='ocrx_word' id='word_1_74' title='bbox 981 1123 1024 1184; x_wconf 84' lang='lat' dir='ltr'><strong>ita</strong></span> <span class='ocrx_word' id='word_1_75' title='bbox 1045 1124 1177 1206; x_wconf 72' lang='lat' dir='ltr'><strong>scriptor</strong></span> 
     </span>
     <span class='ocr_line' id='line_1_10' title="bbox 77 1228 474 1272; baseline 0 -1"><span class='ocrx_word' id='word_1_76' title='bbox 77 1233 88 1271; x_wconf 88' lang='lat'>1</span> <span class='ocrx_word' id='word_1_77' title='bbox 112 1231 188 1272; x_wconf 87' lang='lat' dir='ltr'><strong>ems</strong></span> <span class='ocrx_word' id='word_1_78' title='bbox 220 1229 277 1270; x_wconf 85' lang='lat' dir='ltr'><strong>nne</strong></span> <span class='ocrx_word' id='word_1_79' title='bbox 307 1231 324 1268; x_wconf 95' lang='grc' dir='ltr'><strong><em>ο</em></strong></span> <span class='ocrx_word' id='word_1_80' title='bbox 369 1228 474 1271; x_wconf 78' lang='lat' dir='ltr'><strong>osius.</strong></span> 
     </span>
    </p>

    <p class='ocr_par' dir='ltr' id='par_1_3' title="bbox 73 1229 1178 1712">
     <span class='ocr_line' id='line_1_11' title="bbox 163 1229 1178 1376; baseline -0.001 -19"><span class='ocrx_word' id='word_1_81' title='bbox 163 1229 382 1375; x_wconf 57' lang='grc' dir='ltr'><strong>Ἀλεξονόρὲξς</strong></span> <span class='ocrx_word' id='word_1_82' title='bbox 398 1291 434 1374; x_wconf 75' lang='grc' dir='ltr'><strong>γ’.</strong></span> <span class='ocrx_word' id='word_1_83' title='bbox 450 1292 613 1366; x_wconf 67' lang='grc' dir='ltr'><strong><em>ἐπίσκοπος</em></strong></span> <span class='ocrx_word' id='word_1_84' title='bbox 632 1291 794 1376; x_wconf 67' lang='grc' dir='ltr'><strong>Αἰμίλιος]</strong></span> <span class='ocrx_word' id='word_1_85' title='bbox 824 1291 956 1355; x_wconf 85' lang='lat' dir='ltr'><strong>Primum</strong></span> <span class='ocrx_word' id='word_1_86' title='bbox 976 1292 1178 1356; x_wconf 80' lang='lat' dir='ltr'><strong>Alexandriae</strong></span> 
     </span>
     <span class='ocr_line' id='line_1_12' title="bbox 76 1377 1176 1458; baseline -0.002 -16"><span class='ocrx_word' id='word_1_87' title='bbox 76 1381 249 1442; x_wconf 74' lang='lat' dir='ltr'><strong>Praetulem</strong></span> <span class='ocrx_word' id='word_1_88' title='bbox 263 1377 380 1438; x_wconf 77' lang='lat' dir='ltr'><strong>Author</strong></span> <span class='ocrx_word' id='word_1_89' title='bbox 396 1386 488 1458; x_wconf 85' lang='lat' dir='ltr'><strong>putut</strong></span> <span class='ocrx_word' id='word_1_90' title='bbox 507 1377 658 1455; x_wconf 73' lang='lat' dir='ltr'><strong>Murcum,</strong></span> <span class='ocrx_word' id='word_1_91' title='bbox 681 1379 844 1439; x_wconf 85' lang='lat' dir='ltr'><strong>secundnm</strong></span> <span class='ocrx_word' id='word_1_92' title='bbox 860 1379 1023 1457; x_wconf 75' lang='lat' dir='ltr'><strong>Anianum3</strong></span> <span class='ocrx_word' id='word_1_93' title='bbox 1045 1380 1176 1458; x_wconf 86' lang='lat' dir='ltr'><strong>tertium,</strong></span> 
     </span>
     <span class='ocr_line' id='line_1_13' title="bbox 75 1460 1178 1549; baseline 0.005 -23"><span class='ocrx_word' id='word_1_94' title='bbox 75 1465 162 1526; x_wconf 86' lang='lat' dir='ltr'><strong>hunc</strong></span> <span class='ocrx_word' id='word_1_95' title='bbox 177 1463 355 1540; x_wconf 78' lang='lat' dir='ltr'><strong>Aemilium,</strong></span> <span class='ocrx_word' id='word_1_96' title='bbox 376 1483 463 1542; x_wconf 85' lang='lat' dir='ltr'><strong>quem</strong></span> <span class='ocrx_word' id='word_1_97' title='bbox 477 1460 609 1522; x_wconf 76' lang='lat' dir='ltr'><strong>Abilium</strong></span> <span class='ocrx_word' id='word_1_98' title='bbox 628 1462 733 1522; x_wconf 88' lang='lat' dir='ltr'><strong>scribit</strong></span> <span class='ocrx_word' id='word_1_99' title='bbox 749 1463 910 1540; x_wconf 79' lang='lat' dir='ltr'><strong>Eusebius,</strong></span> <span class='ocrx_word' id='word_1_100' title='bbox 930 1465 1053 1529; x_wconf 79' lang='lat' dir='ltr'><strong>Borber.</strong></span> <span class='ocrx_word' id='word_1_101' title='bbox 1068 1465 1178 1549; x_wconf 71' lang='lat' dir='ltr'><strong>Alypi-</strong></span> 
     </span>
     <span class='ocr_line' id='line_1_14' title="bbox 74 1543 1178 1631; baseline -0.003 -16"><span class='ocrx_word' id='word_1_102' title='bbox 74 1557 162 1622; x_wconf 75' lang='grc' dir='ltr'><strong><em>λιοο,</em></strong></span> <span class='ocrx_word' id='word_1_103' title='bbox 185 1549 284 1610; x_wconf 79' lang='lat' dir='ltr'><strong>Peren.</strong></span> <span class='ocrx_word' id='word_1_104' title='bbox 304 1543 450 1631; x_wconf 70' lang='grc' dir='ltr'><strong>Ἆμὲὶιον.</strong></span> <span class='ocrx_word' id='word_1_105' title='bbox 477 1546 550 1606; x_wconf 88' lang='lat' dir='ltr'><strong>Eius</strong></span> <span class='ocrx_word' id='word_1_106' title='bbox 570 1546 763 1608; x_wconf 81' lang='lat' dir='ltr'><strong>Pontifimtui</strong></span> <span class='ocrx_word' id='word_1_107' title='bbox 781 1547 926 1608; x_wconf 69' lang='lat' dir='ltr'><strong>{redicem</strong></span> <span class='ocrx_word' id='word_1_108' title='bbox 945 1569 1040 1610; x_wconf 81' lang='lat' dir='ltr'><strong>annos</strong></span> <span class='ocrx_word' id='word_1_109' title='bbox 1054 1552 1178 1614; x_wconf 83' lang='lat' dir='ltr'><strong>ascribit</strong></span> 
     </span>
     <span class='ocr_line' id='line_1_15' title="bbox 73 1633 302 1712; baseline -0.017 -14"><span class='ocrx_word' id='word_1_110' title='bbox 73 1633 231 1698; x_wconf 86' lang='lat' dir='ltr'><strong>Eusebius.</strong></span> <span class='ocrx_word' id='word_1_111' title='bbox 292 1686 302 1712; x_wconf 78' lang='lat'><strong>,</strong></span> 
     </span>
    </p>

    <p class='ocr_par' dir='ltr' id='par_1_4' title="bbox 70 1709 1178 2394">
     <span class='ocr_line' id='line_1_16' title="bbox 163 1709 1178 1800; baseline 0.002 -24"><span class='ocrx_word' id='word_1_112' title='bbox 163 1718 232 1796; x_wconf 82' lang='lat' dir='ltr'><strong>Peg·</strong></span> <span class='ocrx_word' id='word_1_113' title='bbox 244 1716 317 1786; x_wconf 77' lang='lat'><strong>345.</strong></span> <span class='ocrx_word' id='word_1_114' title='bbox 328 1709 540 1800; x_wconf 66' lang='grc' dir='ltr'><strong><em>Ἱεροσολύμων</em></strong></span> <span class='ocrx_word' id='word_1_115' title='bbox 552 1714 716 1793; x_wconf 66' lang='grc' dir='ltr'><strong><em>ἐπίσκοπος</em></strong></span> <span class='ocrx_word' id='word_1_116' title='bbox 727 1709 764 1800; x_wconf 80' lang='grc' dir='ltr'><strong>γ’.</strong></span> <span class='ocrx_word' id='word_1_117' title='bbox 776 1709 918 1797; x_wconf 66' lang='grc' dir='ltr'><strong>Ἰούδας]</strong></span> <span class='ocrx_word' id='word_1_118' title='bbox 933 1715 1021 1777; x_wconf 82' lang='lat' dir='ltr'><strong>Indos</strong></span> <span class='ocrx_word' id='word_1_119' title='bbox 1031 1717 1178 1779; x_wconf 87' lang='lat' dir='ltr'><strong>Hieroso-</strong></span> 
     </span>
     <span class='ocr_line' id='line_1_17' title="bbox 70 1800 1177 1885; baseline -0.001 -19"><span class='ocrx_word' id='word_1_120' title='bbox 70 1807 231 1885; x_wconf 84' lang='lat' dir='ltr'><strong>lymorum</strong></span> <span class='ocrx_word' id='word_1_121' title='bbox 246 1803 394 1863; x_wconf 81' lang='lat' dir='ltr'><strong>Antistitis</strong></span> <span class='ocrx_word' id='word_1_122' title='bbox 408 1801 489 1862; x_wconf 83' lang='lat' dir='ltr'><strong>tertii</strong></span> <span class='ocrx_word' id='word_1_123' title='bbox 500 1801 710 1862; x_wconf 71' lang='lat' dir='ltr'><strong>Pontificatum</strong></span> <span class='ocrx_word' id='word_1_124' title='bbox 721 1800 760 1861; x_wconf 85' lang='lat' dir='ltr'><strong>ad</strong></span> <span class='ocrx_word' id='word_1_125' title='bbox 774 1821 886 1862; x_wconf 80' lang='lat' dir='ltr'><strong>annum</strong></span> <span class='ocrx_word' id='word_1_126' title='bbox 900 1823 917 1860; x_wconf 82' lang='lat' dir='ltr'><strong>a</strong></span> <span class='ocrx_word' id='word_1_127' title='bbox 930 1803 1037 1862; x_wconf 86' lang='lat' dir='ltr'><strong>mundi</strong></span> <span class='ocrx_word' id='word_1_128' title='bbox 1050 1803 1177 1865; x_wconf 83' lang='lat' dir='ltr'><strong>conditu</strong></span> 
     </span>
     <span class='ocr_line' id='line_1_18' title="bbox 72 1886 1177 1966; baseline 0.003 -20"><span class='ocrx_word' id='word_1_129' title='bbox 72 1893 172 1956; x_wconf 82' lang='lat'><strong>6587.</strong></span> <span class='ocrx_word' id='word_1_130' title='bbox 196 1896 227 1946; x_wconf 89' lang='lat' dir='ltr'><strong>et</strong></span> <span class='ocrx_word' id='word_1_131' title='bbox 243 1909 261 1946; x_wconf 83' lang='lat' dir='ltr'><strong>a</strong></span> <span class='ocrx_word' id='word_1_132' title='bbox 285 1887 394 1948; x_wconf 84' lang='lat' dir='ltr'><strong>Christi</strong></span> <span class='ocrx_word' id='word_1_133' title='bbox 410 1895 480 1948; x_wconf 88' lang='lat' dir='ltr'><strong>ortu</strong></span> <span class='ocrx_word' id='word_1_134' title='bbox 502 1891 551 1953; x_wconf 89' lang='grc'><strong>87.</strong></span> <span class='ocrx_word' id='word_1_135' title='bbox 574 1887 668 1948; x_wconf 79' lang='lat' dir='ltr'><strong>refert</strong></span> <span class='ocrx_word' id='word_1_136' title='bbox 688 1886 848 1966; x_wconf 83' lang='lat' dir='ltr'><strong>Georgius,</strong></span> <span class='ocrx_word' id='word_1_137' title='bbox 868 1886 955 1948; x_wconf 84' lang='lat' dir='ltr'><strong>cuins</strong></span> <span class='ocrx_word' id='word_1_138' title='bbox 977 1898 1050 1948; x_wconf 86' lang='lat' dir='ltr'><strong>noto</strong></span> <span class='ocrx_word' id='word_1_139' title='bbox 1073 1909 1107 1949; x_wconf 83' lang='lat' dir='ltr'><strong>es</strong></span> <span class='ocrx_word' id='word_1_140' title='bbox 1130 1897 1177 1951; x_wconf 84' lang='lat' dir='ltr'><strong>est</strong></span> 
     </span>
     <span class='ocr_line' id='line_1_19' title="bbox 73 1971 1174 2054; baseline 0 -20"><span class='ocrx_word' id='word_1_141' title='bbox 73 1973 262 2048; x_wconf 86' lang='lat' dir='ltr'><strong>certissima,</strong></span> <span class='ocrx_word' id='word_1_142' title='bbox 284 1973 366 2053; x_wconf 89' lang='lat' dir='ltr'><strong>quod</strong></span> <span class='ocrx_word' id='word_1_143' title='bbox 385 1971 544 2032; x_wconf 74' lang='lat' dir='ltr'><strong>eo‘mundi</strong></span> <span class='ocrx_word' id='word_1_144' title='bbox 558 1981 588 2032; x_wconf 88' lang='lat' dir='ltr'><strong>et</strong></span> <span class='ocrx_word' id='word_1_145' title='bbox 606 1971 718 2031; x_wconf 76' lang='lat' dir='ltr'><strong>Christi</strong></span> <span class='ocrx_word' id='word_1_146' title='bbox 735 1972 838 2032; x_wconf 81' lang='lat' dir='ltr'><strong>astatis</strong></span> <span class='ocrx_word' id='word_1_147' title='bbox 858 1993 982 2034; x_wconf 86' lang='lat' dir='ltr'><strong>nurnero</strong></span> <span class='ocrx_word' id='word_1_148' title='bbox 997 1973 1052 2034; x_wconf 86' lang='lat' dir='ltr'><strong>sub</strong></span> <span class='ocrx_word' id='word_1_149' title='bbox 1075 1973 1174 2054; x_wconf 90' lang='lat' dir='ltr'><strong>primo</strong></span> 
     </span>
     <span class='ocr_line' id='line_1_20' title="bbox 71 2057 1176 2141; baseline 0.002 -24"><span class='ocrx_word' id='word_1_150' title='bbox 71 2057 202 2141; x_wconf 82' lang='lat' dir='ltr'><strong>paginae</strong></span> <span class='ocrx_word' id='word_1_151' title='bbox 216 2057 320 2118; x_wconf 88' lang='lat' dir='ltr'><strong>limine</strong></span> <span class='ocrx_word' id='word_1_152' title='bbox 335 2057 467 2136; x_wconf 82' lang='lat' dir='ltr'><strong>signato,</strong></span> <span class='ocrx_word' id='word_1_153' title='bbox 488 2057 614 2117; x_wconf 86' lang='lat' dir='ltr'><strong>cundem</strong></span> <span class='ocrx_word' id='word_1_154' title='bbox 635 2077 756 2118; x_wconf 87' lang='lat' dir='ltr'><strong>rursum</strong></span> <span class='ocrx_word' id='word_1_155' title='bbox 776 2057 861 2138; x_wconf 88' lang='lat' dir='ltr'><strong>qnasi</strong></span> <span class='ocrx_word' id='word_1_156' title='bbox 884 2059 1115 2119; x_wconf 76' lang='lat' dir='ltr'><strong>confirmaturus</strong></span> <span class='ocrx_word' id='word_1_157' title='bbox 1135 2059 1176 2119; x_wconf 91' lang='lat' dir='ltr'><strong>li-</strong></span> 
     </span>
     <span class='ocr_line' id='line_1_21' title="bbox 71 2143 1176 2225; baseline 0 -20"><span class='ocrx_word' id='word_1_158' title='bbox 71 2164 132 2206; x_wconf 81' lang='lat' dir='ltr'><strong>neo</strong></span> <span class='ocrx_word' id='word_1_159' title='bbox 163 2153 348 2225; x_wconf 67' lang='lat' dir='ltr'><strong>praesentem</strong></span> <span class='ocrx_word' id='word_1_160' title='bbox 374 2151 490 2202; x_wconf 84' lang='lat' dir='ltr'><strong>textum</strong></span> <span class='ocrx_word' id='word_1_161' title='bbox 516 2143 657 2222; x_wconf 85' lang='lat' dir='ltr'><strong>sequente</strong></span> <span class='ocrx_word' id='word_1_162' title='bbox 686 2152 820 2224; x_wconf 85' lang='lat' dir='ltr'><strong>repetat,</strong></span> <span class='ocrx_word' id='word_1_163' title='bbox 851 2145 984 2225; x_wconf 87' lang='lat' dir='ltr'><strong>adeoque</strong></span> <span class='ocrx_word' id='word_1_164' title='bbox 1003 2143 1110 2222; x_wconf 83' lang='lat' dir='ltr'><strong>ludas,</strong></span> <span class='ocrx_word' id='word_1_165' title='bbox 1138 2153 1176 2205; x_wconf 87' lang='lat' dir='ltr'><strong>ut</strong></span> 
     </span>
     <span class='ocr_line' id='line_1_22' title="bbox 70 2226 1176 2310; baseline 0.002 -22"><span class='ocrx_word' id='word_1_166' title='bbox 70 2227 231 2310; x_wconf 74' lang='lat' dir='ltr'><strong>praemisi,</strong></span> <span class='ocrx_word' id='word_1_167' title='bbox 259 2226 461 2289; x_wconf 79' lang='lat' dir='ltr'><strong>Praesnlstum</strong></span> <span class='ocrx_word' id='word_1_168' title='bbox 482 2226 522 2287; x_wconf 82' lang='lat' dir='ltr'><strong>ad</strong></span> <span class='ocrx_word' id='word_1_169' title='bbox 539 2247 607 2287; x_wconf 88' lang='lat' dir='ltr'><strong>enm</strong></span> <span class='ocrx_word' id='word_1_170' title='bbox 625 2227 785 2290; x_wconf 86' lang='lat' dir='ltr'><strong>devinciat.</strong></span> <span class='ocrx_word' id='word_1_171' title='bbox 814 2229 978 2310; x_wconf 86' lang='lat' dir='ltr'><strong>Suspectus</strong></span> <span class='ocrx_word' id='word_1_172' title='bbox 996 2229 1072 2292; x_wconf 85' lang='lat' dir='ltr'><strong>mihi</strong></span> <span class='ocrx_word' id='word_1_173' title='bbox 1084 2229 1176 2292; x_wconf 83' lang='lat' dir='ltr'><strong>ludas</strong></span> 
     </span>
     <span class='ocr_line' id='line_1_23' title="bbox 71 2313 662 2394; baseline -0.005 -22"><span class='ocrx_word' id='word_1_174' title='bbox 71 2316 153 2376; x_wconf 81' lang='lat' dir='ltr'><strong>istor</strong></span> <span class='ocrx_word' id='word_1_175' title='bbox 173 2313 282 2394; x_wconf 88' lang='lat' dir='ltr'><strong>dequo</strong></span> <span class='ocrx_word' id='word_1_176' title='bbox 296 2314 334 2374; x_wconf 85' lang='lat' dir='ltr'><strong>ad</strong></span> <span class='ocrx_word' id='word_1_177' title='bbox 348 2333 414 2393; x_wconf 82' lang='lat' dir='ltr'><strong>pag.</strong></span> <span class='ocrx_word' id='word_1_178' title='bbox 429 2313 503 2378; x_wconf 79' lang='lat'><strong>347.</strong></span> <span class='ocrx_word' id='word_1_179' title='bbox 515 2321 587 2370; x_wconf 83' lang='lat' dir='ltr'><strong>noto</strong></span> <span class='ocrx_word' id='word_1_180' title='bbox 602 2331 662 2390; x_wconf 88' lang='lat' dir='ltr'><strong>seq.</strong></span> 
     </span>
    </p>
   </div>
   <div class='ocr_carea' id='block_1_3' title="bbox 67 2387 1297 2984">
    <p class='ocr_par' dir='ltr' id='par_1_5' title="bbox 67 2387 1297 2984">
     <span class='ocr_line' id='line_1_24' title="bbox 161 2387 1173 2479; baseline 0.001 -20"><span class='ocrx_word' id='word_1_181' title='bbox 161 2401 228 2476; x_wconf 78' lang='lat' dir='ltr'><strong>Peg.</strong></span> <span class='ocrx_word' id='word_1_182' title='bbox 250 2400 321 2464; x_wconf 77' lang='lat'><strong>347.</strong></span> <span class='ocrx_word' id='word_1_183' title='bbox 342 2389 553 2479; x_wconf 76' lang='grc' dir='ltr'><strong><em>Ἱεροσολύμων</em></strong></span> <span class='ocrx_word' id='word_1_184' title='bbox 568 2395 732 2468; x_wconf 78' lang='grc' dir='ltr'><strong><em>ἐπίσκοπος</em></strong></span> <span class='ocrx_word' id='word_1_185' title='bbox 743 2387 779 2476; x_wconf 74' lang='grc' dir='ltr'><strong>γ’.</strong></span> <span class='ocrx_word' id='word_1_186' title='bbox 792 2387 944 2476; x_wconf 71' lang='grc' dir='ltr'><strong><em>Ἰοῦστος]</em></strong></span> <span class='ocrx_word' id='word_1_187' title='bbox 967 2396 1014 2455; x_wconf 75' lang='lat' dir='ltr'><strong>An</strong></span> <span class='ocrx_word' id='word_1_188' title='bbox 1037 2417 1101 2458; x_wconf 89' lang='lat' dir='ltr'><strong>non</strong></span> <span class='ocrx_word' id='word_1_189' title='bbox 1121 2398 1173 2460; x_wconf 82' lang='lat' dir='ltr'><strong>In-</strong></span> 
     </span>
     <span class='ocr_line' id='line_1_25' title="bbox 70 2478 1174 2563; baseline -0.001 -19"><span class='ocrx_word' id='word_1_190' title='bbox 70 2484 129 2544; x_wconf 81' lang='lat' dir='ltr'><strong>dos</strong></span> <span class='ocrx_word' id='word_1_191' title='bbox 143 2491 215 2544; x_wconf 78' lang='lat' dir='ltr'><strong>note</strong></span> <span class='ocrx_word' id='word_1_192' title='bbox 226 2481 377 2563; x_wconf 75' lang='lat' dir='ltr'><strong>superiore</strong></span> <span class='ocrx_word' id='word_1_193' title='bbox 393 2480 559 2540; x_wconf 81' lang='lat' dir='ltr'><strong>celebratus</strong></span> <span class='ocrx_word' id='word_1_194' title='bbox 571 2478 677 2540; x_wconf 89' lang='lat' dir='ltr'><strong>tertius</strong></span> <span class='ocrx_word' id='word_1_195' title='bbox 692 2479 760 2538; x_wconf 72' lang='lat' dir='ltr'><strong>est?</strong></span> <span class='ocrx_word' id='word_1_196' title='bbox 783 2479 824 2538; x_wconf 88' lang='lat' dir='ltr'><strong>Ut</strong></span> <span class='ocrx_word' id='word_1_197' title='bbox 841 2479 915 2558; x_wconf 90' lang='lat' dir='ltr'><strong>quid</strong></span> <span class='ocrx_word' id='word_1_198' title='bbox 929 2479 982 2539; x_wconf 90' lang='lat' dir='ltr'><strong>hic</strong></span> <span class='ocrx_word' id='word_1_199' title='bbox 999 2481 1096 2542; x_wconf 80' lang='lat' dir='ltr'><strong>iustus</strong></span> <span class='ocrx_word' id='word_1_200' title='bbox 1112 2482 1174 2543; x_wconf 91' lang='lat' dir='ltr'><strong>ite·</strong></span> 
     </span>
     <span class='ocr_line' id='line_1_26' title="bbox 67 2563 1173 2644; baseline -0.003 -14"><span class='ocrx_word' id='word_1_201' title='bbox 67 2587 143 2630; x_wconf 89' lang='lat' dir='ltr'><strong>rum</strong></span> <span class='ocrx_word' id='word_1_202' title='bbox 165 2566 287 2642; x_wconf 87' lang='lat' dir='ltr'><strong>tertius,</strong></span> <span class='ocrx_word' id='word_1_203' title='bbox 314 2565 424 2644; x_wconf 87' lang='lat' dir='ltr'><strong>reliqui</strong></span> <span class='ocrx_word' id='word_1_204' title='bbox 440 2565 570 2623; x_wconf 82' lang='lat' dir='ltr'><strong>numeris</strong></span> <span class='ocrx_word' id='word_1_205' title='bbox 590 2563 815 2624; x_wconf 87' lang='lat' dir='ltr'><strong>succedentibus</strong></span> <span class='ocrx_word' id='word_1_206' title='bbox 839 2565 1054 2625; x_wconf 74' lang='lat' dir='ltr'><strong>recensentur?</strong></span> <span class='ocrx_word' id='word_1_207' title='bbox 1082 2566 1173 2640; x_wconf 81' lang='lat' dir='ltr'><strong>Quod</strong></span> 
     </span>
     <span class='ocr_line' id='line_1_27' title="bbox 68 2647 1297 2731; baseline -0.002 -17"><span class='ocrx_word' id='word_1_208' title='bbox 68 2651 164 2714; x_wconf 88' lang='lat' dir='ltr'><strong>Iudas</strong></span> <span class='ocrx_word' id='word_1_209' title='bbox 180 2651 232 2709; x_wconf 85' lang='lat' dir='ltr'><strong>ille</strong></span> <span class='ocrx_word' id='word_1_210' title='bbox 246 2649 372 2711; x_wconf 87' lang='lat' dir='ltr'><strong>Eusebio</strong></span> <span class='ocrx_word' id='word_1_211' title='bbox 388 2657 417 2708; x_wconf 86' lang='lat' dir='ltr'><strong>et</strong></span> <span class='ocrx_word' id='word_1_212' title='bbox 430 2647 600 2730; x_wconf 84' lang='lat' dir='ltr'><strong>Nicephoro</strong></span> <span class='ocrx_word' id='word_1_213' title='bbox 615 2651 751 2728; x_wconf 67' lang='lat' dir='ltr'><strong>ignotus,</strong></span> <span class='ocrx_word' id='word_1_214' title='bbox 773 2669 790 2707; x_wconf 84' lang='lat' dir='ltr'><strong>a</strong></span> <span class='ocrx_word' id='word_1_215' title='bbox 812 2649 939 2728; x_wconf 81' lang='lat' dir='ltr'><strong>Georgio</strong></span> <span class='ocrx_word' id='word_1_216' title='bbox 955 2649 1044 2710; x_wconf 84' lang='lat' dir='ltr'><strong>fuerit</strong></span> <span class='ocrx_word' id='word_1_217' title='bbox 1058 2651 1172 2712; x_wconf 83' lang='lat' dir='ltr'><strong>fortas·</strong></span> <span class='ocrx_word' id='word_1_218' title='bbox 1295 2718 1297 2731; x_wconf 47' lang='lat'><strong>,</strong></span> 
     </span>
     <span class='ocr_line' id='line_1_28' title="bbox 69 2733 1297 2814; baseline -0.003 -14"><span class='ocrx_word' id='word_1_219' title='bbox 69 2739 116 2800; x_wconf 84' lang='lat' dir='ltr'><strong>sis</strong></span> <span class='ocrx_word' id='word_1_220' title='bbox 132 2737 287 2811; x_wconf 88' lang='lat' dir='ltr'><strong>intrusus,</strong></span> <span class='ocrx_word' id='word_1_221' title='bbox 308 2743 340 2794; x_wconf 82' lang='lat' dir='ltr'><strong>et</strong></span> <span class='ocrx_word' id='word_1_222' title='bbox 351 2733 430 2796; x_wconf 83' lang='lat' dir='ltr'><strong>intro</strong></span> <span class='ocrx_word' id='word_1_223' title='bbox 447 2744 618 2795; x_wconf 84' lang='lat' dir='ltr'><strong>numeratos</strong></span> <span class='ocrx_word' id='word_1_224' title='bbox 634 2734 739 2794; x_wconf 84' lang='lat' dir='ltr'><strong>ordine</strong></span> <span class='ocrx_word' id='word_1_225' title='bbox 756 2735 906 2814; x_wconf 79' lang='lat' dir='ltr'><strong>praesules</strong></span> <span class='ocrx_word' id='word_1_226' title='bbox 921 2735 984 2794; x_wconf 86' lang='lat' dir='ltr'><strong>sine</strong></span> <span class='ocrx_word' id='word_1_227' title='bbox 997 2737 1103 2796; x_wconf 82' lang='lat' dir='ltr'><strong>ordino</strong></span> <span class='ocrx_word' id='word_1_228' title='bbox 1117 2755 1174 2796; x_wconf 89' lang='lat' dir='ltr'><strong>nu·</strong></span> <span class='ocrx_word' id='word_1_229' title='bbox 1295 2736 1297 2744; x_wconf 73' lang='grc'>’</span> 
     </span>
     <span class='ocr_line' id='line_1_29' title="bbox 69 2819 1174 2884; baseline -0.001 -1"><span class='ocrx_word' id='word_1_230' title='bbox 69 2830 217 2884; x_wconf 84' lang='lat' dir='ltr'><strong>meratus.</strong></span> <span class='ocrx_word' id='word_1_231' title='bbox 246 2821 282 2880; x_wconf 89' lang='lat' dir='ltr'><strong>Ei</strong></span> <span class='ocrx_word' id='word_1_232' title='bbox 304 2829 404 2879; x_wconf 84' lang='lat' dir='ltr'><strong>tamen</strong></span> <span class='ocrx_word' id='word_1_233' title='bbox 426 2819 643 2879; x_wconf 87' lang='lat' dir='ltr'><strong>successionem</strong></span> <span class='ocrx_word' id='word_1_234' title='bbox 662 2827 692 2878; x_wconf 90' lang='lat' dir='ltr'><strong>et</strong></span> <span class='ocrx_word' id='word_1_235' title='bbox 716 2819 832 2880; x_wconf 89' lang='lat' dir='ltr'><strong>numeri</strong></span> <span class='ocrx_word' id='word_1_236' title='bbox 858 2819 993 2880; x_wconf 88' lang='lat' dir='ltr'><strong>ordinem</strong></span> <span class='ocrx_word' id='word_1_237' title='bbox 1006 2819 1039 2880; x_wconf 91' lang='lat' dir='ltr'><strong>in</strong></span> <span class='ocrx_word' id='word_1_238' title='bbox 1055 2823 1174 2882; x_wconf 82' lang='lat' dir='ltr'><strong>Conone</strong></span> 
     </span>
     <span class='ocr_line' id='line_1_30' title="bbox 71 2903 1173 2984; baseline -0.002 -16"><span class='ocrx_word' id='word_1_239' title='bbox 71 2905 228 2968; x_wconf 88' lang='lat' dir='ltr'><strong>Chronico</strong></span> <span class='ocrx_word' id='word_1_240' title='bbox 242 2905 343 2966; x_wconf 85' lang='lat' dir='ltr'><strong>censui</strong></span> <span class='ocrx_word' id='word_1_241' title='bbox 362 2903 588 2984; x_wconf 77' lang='lat' dir='ltr'><strong>assignandum,</strong></span> <span class='ocrx_word' id='word_1_242' title='bbox 610 2925 648 2964; x_wconf 86' lang='lat' dir='ltr'><strong>no</strong></span> <span class='ocrx_word' id='word_1_243' title='bbox 659 2905 708 2964; x_wconf 84' lang='lat' dir='ltr'><strong>vol</strong></span> <span class='ocrx_word' id='word_1_244' title='bbox 725 2903 761 2962; x_wconf 87' lang='lat' dir='ltr'><strong>ab</strong></span> <span class='ocrx_word' id='word_1_245' title='bbox 774 2903 910 2965; x_wconf 80' lang='lat' dir='ltr'><strong>Authore</strong></span> <span class='ocrx_word' id='word_1_246' title='bbox 921 2905 1081 2966; x_wconf 86' lang='lat' dir='ltr'><strong>admissum</strong></span> <span class='ocrx_word' id='word_1_247' title='bbox 1102 2907 1173 2968; x_wconf 86' lang='lat' dir='ltr'><strong>reii-</strong></span> 
     </span>
    </p>
   </div>
   <div class='ocr_carea' id='block_1_4' title="bbox 62 2989 1174 4442">
    <p class='ocr_par' dir='ltr' id='par_1_6' title="bbox 70 2989 1174 3140">
     <span class='ocr_line' id='line_1_31' title="bbox 71 2989 1174 3070; baseline 0.002 -18"><span class='ocrx_word' id='word_1_248' title='bbox 71 3012 203 3068; x_wconf 77' lang='lat' dir='ltr'><strong>cerem„</strong></span> <span class='ocrx_word' id='word_1_249' title='bbox 219 2992 269 3052; x_wconf 83' lang='lat' dir='ltr'><strong>vel</strong></span> <span class='ocrx_word' id='word_1_250' title='bbox 282 2993 317 3050; x_wconf 91' lang='lat' dir='ltr'><strong>in</strong></span> <span class='ocrx_word' id='word_1_251' title='bbox 331 2989 394 3052; x_wconf 88' lang='lat' dir='ltr'><strong>eius</strong></span> <span class='ocrx_word' id='word_1_252' title='bbox 416 3009 610 3052; x_wconf 88' lang='lat' dir='ltr'><strong>numerorum</strong></span> <span class='ocrx_word' id='word_1_253' title='bbox 625 2989 702 3050; x_wconf 87' lang='lat' dir='ltr'><strong>mole</strong></span> <span class='ocrx_word' id='word_1_254' title='bbox 723 2990 866 3070; x_wconf 84' lang='lat' dir='ltr'><strong>digestam</strong></span> <span class='ocrx_word' id='word_1_255' title='bbox 885 2991 991 3052; x_wconf 85' lang='lat' dir='ltr'><strong>seriem</strong></span> <span class='ocrx_word' id='word_1_256' title='bbox 1010 2991 1174 3054; x_wconf 81' lang='lat' dir='ltr'><strong>incurrisse</strong></span> 
     </span>
     <span class='ocr_line' id='line_1_32' title="bbox 70 3075 251 3140; baseline -0.028 0"><span class='ocrx_word' id='word_1_257' title='bbox 70 3075 202 3140; x_wconf 79' lang='lat' dir='ltr'><strong>viderer.</strong></span> <span class='ocrx_word' id='word_1_258' title='bbox 246 3075 251 3088; x_wconf 91' lang='lat'>&#39;</span> 
     </span>
    </p>

    <p class='ocr_par' dir='ltr' id='par_1_7' title="bbox 62 3153 1171 4442">
     <span class='ocr_line' id='line_1_33' title="bbox 159 3153 1171 3246; baseline -0.003 -24"><span class='ocrx_word' id='word_1_259' title='bbox 159 3162 227 3240; x_wconf 76' lang='lat' dir='ltr'><strong>Peg.</strong></span> <span class='ocrx_word' id='word_1_260' title='bbox 247 3159 320 3228; x_wconf 80' lang='lat'><strong>348.</strong></span> <span class='ocrx_word' id='word_1_261' title='bbox 345 3159 449 3246; x_wconf 67' lang='grc' dir='ltr'><strong><em>Λυσίᾳ</em></strong></span> <span class='ocrx_word' id='word_1_262' title='bbox 468 3153 610 3244; x_wconf 56' lang='grc' dir='ltr'><strong>Κύννῃ]</strong></span> <span class='ocrx_word' id='word_1_263' title='bbox 639 3158 673 3220; x_wconf 90' lang='lat' dir='ltr'><strong>In</strong></span> <span class='ocrx_word' id='word_1_264' title='bbox 692 3158 784 3220; x_wconf 84' lang='lat' dir='ltr'><strong>verba</strong></span> <span class='ocrx_word' id='word_1_265' title='bbox 804 3159 878 3235; x_wconf 86' lang='lat' dir='ltr'><strong>ista,</strong></span> <span class='ocrx_word' id='word_1_266' title='bbox 905 3161 1021 3238; x_wconf 82' lang='lat' dir='ltr'><strong>Lysiae</strong></span> <span class='ocrx_word' id='word_1_267' title='bbox 1045 3161 1171 3239; x_wconf 82' lang='lat' dir='ltr'><strong>Quinto,</strong></span> 
     </span>
     <span class='ocr_line' id='line_1_34' title="bbox 70 3243 1171 3326; baseline -0.001 -19"><span class='ocrx_word' id='word_1_268' title='bbox 70 3247 224 3307; x_wconf 73' lang='lat' dir='ltr'><strong>Ponticus</strong></span> <span class='ocrx_word' id='word_1_269' title='bbox 240 3245 384 3306; x_wconf 83' lang='lat' dir='ltr'><strong>Notsrum</strong></span> <span class='ocrx_word' id='word_1_270' title='bbox 396 3245 430 3306; x_wconf 89' lang='lat' dir='ltr'><strong>in</strong></span> <span class='ocrx_word' id='word_1_271' title='bbox 442 3245 603 3306; x_wconf 80' lang='lat' dir='ltr'><strong>Eusebium</strong></span> <span class='ocrx_word' id='word_1_272' title='bbox 620 3265 686 3326; x_wconf 79' lang='lat' dir='ltr'><strong>pag.</strong></span> <span class='ocrx_word' id='word_1_273' title='bbox 706 3249 777 3312; x_wconf 84' lang='grc'><strong>603.</strong></span> <span class='ocrx_word' id='word_1_274' title='bbox 794 3245 913 3306; x_wconf 87' lang='lat' dir='ltr'><strong>scribit:</strong></span> <span class='ocrx_word' id='word_1_275' title='bbox 941 3243 1108 3305; x_wconf 77' lang='lat' dir='ltr'><strong>Fbsdatam</strong></span> <span class='ocrx_word' id='word_1_276' title='bbox 1123 3267 1171 3306; x_wconf 85' lang='lat' dir='ltr'><strong>or-</strong></span> 
     </span>
     <span class='ocr_line' id='line_1_35' title="bbox 71 3327 1171 3412; baseline 0.002 -23"><span class='ocrx_word' id='word_1_277' title='bbox 71 3329 293 3412; x_wconf 75' lang='lat' dir='ltr'><strong>thographiam</strong></span> <span class='ocrx_word' id='word_1_278' title='bbox 311 3327 395 3390; x_wconf 76' lang='lat' dir='ltr'><strong>doen</strong></span> <span class='ocrx_word' id='word_1_279' title='bbox 415 3333 464 3391; x_wconf 78' lang='lat' dir='ltr'><strong>vir</strong></span> <span class='ocrx_word' id='word_1_280' title='bbox 482 3329 677 3390; x_wconf 79' lang='lat' dir='ltr'><strong>doctissimus</strong></span> <span class='ocrx_word' id='word_1_281' title='bbox 693 3327 896 3392; x_wconf 82' lang='lat' dir='ltr'><strong>Caraubonus</strong></span> <span class='ocrx_word' id='word_1_282' title='bbox 914 3333 949 3390; x_wconf 85' lang='lat' dir='ltr'><strong>in</strong></span> <span class='ocrx_word' id='word_1_283' title='bbox 967 3331 1171 3411; x_wconf 68' lang='lat' dir='ltr'><strong>Spanianum</strong></span> 
     </span>
     <span class='ocr_line' id='line_1_36' title="bbox 66 3414 1171 3498; baseline 0.002 -24"><span class='ocrx_word' id='word_1_284' title='bbox 66 3439 147 3498; x_wconf 77' lang='lat' dir='ltr'><strong>pag.</strong></span> <span class='ocrx_word' id='word_1_285' title='bbox 169 3422 222 3484; x_wconf 76' lang='lat'><strong>27.</strong></span> <span class='ocrx_word' id='word_1_286' title='bbox 239 3426 267 3474; x_wconf 80' lang='lat' dir='ltr'><strong>et</strong></span> <span class='ocrx_word' id='word_1_287' title='bbox 280 3414 439 3496; x_wconf 82' lang='lat' dir='ltr'><strong>legendum</strong></span> <span class='ocrx_word' id='word_1_288' title='bbox 458 3417 572 3492; x_wconf 78' lang='lat' dir='ltr'><strong>Luein,</strong></span> <span class='ocrx_word' id='word_1_289' title='bbox 597 3437 657 3496; x_wconf 82' lang='lat' dir='ltr'><strong>pro</strong></span> <span class='ocrx_word' id='word_1_290' title='bbox 680 3417 804 3494; x_wconf 62' lang='lat' dir='ltr'><strong>Irysiae.</strong></span> <span class='ocrx_word' id='word_1_291' title='bbox 839 3417 995 3496; x_wconf 80' lang='lat' dir='ltr'><strong>Imprimis</strong></span> <span class='ocrx_word' id='word_1_292' title='bbox 1019 3415 1105 3498; x_wconf 79' lang='lat' dir='ltr'><strong>quod</strong></span> <span class='ocrx_word' id='word_1_293' title='bbox 1123 3419 1171 3476; x_wconf 82' lang='lat' dir='ltr'><strong>ita</strong></span> 
     </span>
     <span class='ocr_line' id='line_1_37' title="bbox 71 3500 1170 3584; baseline -0.001 -23"><span class='ocrx_word' id='word_1_294' title='bbox 71 3504 246 3561; x_wconf 85' lang='lat' dir='ltr'><strong>nominetur</strong></span> <span class='ocrx_word' id='word_1_295' title='bbox 257 3523 279 3560; x_wconf 86' lang='lat' dir='ltr'><strong><em>a</em></strong></span> <span class='ocrx_word' id='word_1_296' title='bbox 290 3503 473 3582; x_wconf 68' lang='lat' dir='ltr'><strong>Spaniam,</strong></span> <span class='ocrx_word' id='word_1_297' title='bbox 494 3511 522 3560; x_wconf 83' lang='lat' dir='ltr'><strong>et</strong></span> <span class='ocrx_word' id='word_1_298' title='bbox 536 3500 700 3560; x_wconf 77' lang='lat' dir='ltr'><strong>Amneiarro</strong></span> <span class='ocrx_word' id='word_1_299' title='bbox 715 3501 768 3562; x_wconf 85' lang='lat' dir='ltr'><strong>lib.</strong></span> <span class='ocrx_word' id='word_1_300' title='bbox 787 3506 840 3569; x_wconf 78' lang='lat'><strong>29.</strong></span> <span class='ocrx_word' id='word_1_301' title='bbox 855 3500 931 3561; x_wconf 82' lang='lat' dir='ltr'><strong>dum</strong></span> <span class='ocrx_word' id='word_1_302' title='bbox 948 3501 1118 3584; x_wconf 80' lang='lat' dir='ltr'><strong>loquuntur</strong></span> <span class='ocrx_word' id='word_1_303' title='bbox 1132 3500 1170 3560; x_wconf 79' lang='lat' dir='ltr'><strong>de</strong></span> 
     </span>
     <span class='ocr_line' id='line_1_38' title="bbox 71 3583 1171 3668; baseline -0.003 -21"><span class='ocrx_word' id='word_1_304' title='bbox 71 3589 173 3648; x_wconf 83' lang='lat' dir='ltr'><strong>Lusio</strong></span> <span class='ocrx_word' id='word_1_305' title='bbox 195 3589 403 3646; x_wconf 85' lang='lat' dir='ltr'><strong>strenuissimo</strong></span> <span class='ocrx_word' id='word_1_306' title='bbox 425 3590 504 3646; x_wconf 81' lang='lat' dir='ltr'><strong>inter</strong></span> <span class='ocrx_word' id='word_1_307' title='bbox 528 3588 656 3646; x_wconf 79' lang='lat' dir='ltr'><strong>Traiani</strong></span> <span class='ocrx_word' id='word_1_308' title='bbox 673 3585 788 3646; x_wconf 69' lang='lat' dir='ltr'><strong>Duces:</strong></span> <span class='ocrx_word' id='word_1_309' title='bbox 807 3598 963 3666; x_wconf 83' lang='lat' dir='ltr'><strong>praeterea</strong></span> <span class='ocrx_word' id='word_1_310' title='bbox 977 3585 1061 3668; x_wconf 84' lang='lat' dir='ltr'><strong>quod</strong></span> <span class='ocrx_word' id='word_1_311' title='bbox 1077 3583 1171 3647; x_wconf 85' lang='lat' dir='ltr'><strong>Geor·</strong></span> 
     </span>
     <span class='ocr_line' id='line_1_39' title="bbox 68 3671 1168 3754; baseline -0.003 -23"><span class='ocrx_word' id='word_1_312' title='bbox 68 3676 148 3754; x_wconf 74' lang='lat' dir='ltr'><strong>gius</strong></span> <span class='ocrx_word' id='word_1_313' title='bbox 162 3673 334 3734; x_wconf 82' lang='lat' dir='ltr'><strong>Monachus</strong></span> <span class='ocrx_word' id='word_1_314' title='bbox 346 3671 460 3732; x_wconf 77' lang='grc' dir='ltr'><strong>αιισΙιοο</strong></span> <span class='ocrx_word' id='word_1_315' title='bbox 474 3673 620 3750; x_wconf 83' lang='lat' dir='ltr'><strong>Graecus,</strong></span> <span class='ocrx_word' id='word_1_316' title='bbox 639 3675 695 3752; x_wconf 86' lang='lat' dir='ltr'><strong>qui</strong></span> <span class='ocrx_word' id='word_1_317' title='bbox 708 3683 789 3732; x_wconf 78' lang='lat' dir='ltr'><strong>extat</strong></span> <span class='ocrx_word' id='word_1_318' title='bbox 804 3675 839 3732; x_wconf 84' lang='lat' dir='ltr'><strong>in</strong></span> <span class='ocrx_word' id='word_1_319' title='bbox 847 3671 1040 3733; x_wconf 73' lang='lat' dir='ltr'><strong>Bibliotheca</strong></span> <span class='ocrx_word' id='word_1_320' title='bbox 1054 3672 1168 3752; x_wconf 79' lang='lat' dir='ltr'><strong>Regia,</strong></span> 
     </span>
     <span class='ocr_line' id='line_1_40' title="bbox 70 3755 1169 3838; baseline -0.005 -22"><span class='ocrx_word' id='word_1_321' title='bbox 70 3769 101 3816; x_wconf 81' lang='lat' dir='ltr'><strong>et</strong></span> <span class='ocrx_word' id='word_1_322' title='bbox 120 3756 211 3816; x_wconf 81' lang='lat' dir='ltr'><strong>codex</strong></span> <span class='ocrx_word' id='word_1_323' title='bbox 227 3759 401 3820; x_wconf 78' lang='lat' dir='ltr'><strong>Clarissimi</strong></span> <span class='ocrx_word' id='word_1_324' title='bbox 417 3760 539 3818; x_wconf 79' lang='lat' dir='ltr'><strong>Petavii</strong></span> <span class='ocrx_word' id='word_1_325' title='bbox 559 3755 682 3817; x_wconf 77' lang='lat' dir='ltr'><strong>emsdem</strong></span> <span class='ocrx_word' id='word_1_326' title='bbox 701 3761 886 3838; x_wconf 73' lang='lat' dir='ltr'><strong>eoriprturam</strong></span> <span class='ocrx_word' id='word_1_327' title='bbox 896 3755 1071 3818; x_wconf 70' lang='lat' dir='ltr'><strong>adhibeant.</strong></span> <span class='ocrx_word' id='word_1_328' title='bbox 1092 3756 1169 3815; x_wconf 87' lang='lat' dir='ltr'><strong>Sub.</strong></span> 
     </span>
     <span class='ocr_line' id='line_1_41' title="bbox 71 3836 1170 3922; baseline -0.002 -20"><span class='ocrx_word' id='word_1_329' title='bbox 71 3843 119 3902; x_wconf 89' lang='lat' dir='ltr'><strong>dit</strong></span> <span class='ocrx_word' id='word_1_330' title='bbox 130 3842 262 3906; x_wconf 80' lang='lat' dir='ltr'><strong>inferius.</strong></span> <span class='ocrx_word' id='word_1_331' title='bbox 293 3841 450 3906; x_wconf 79' lang='lat' dir='ltr'><strong>Caeterum</strong></span> <span class='ocrx_word' id='word_1_332' title='bbox 470 3853 507 3901; x_wconf 82' lang='lat' dir='ltr'><strong>ut</strong></span> <span class='ocrx_word' id='word_1_333' title='bbox 525 3841 769 3902; x_wconf 65' lang='lat' dir='ltr'><strong>commentam</strong></span> <span class='ocrx_word' id='word_1_334' title='bbox 785 3863 970 3922; x_wconf 82' lang='lat' dir='ltr'><strong>summopere</strong></span> <span class='ocrx_word' id='word_1_335' title='bbox 993 3836 1170 3903; x_wconf 72' lang='lat' dir='ltr'><strong>casauboni</strong></span> 
     </span>
     <span class='ocr_line' id='line_1_42' title="bbox 69 3925 1168 4010; baseline 0 -25"><span class='ocrx_word' id='word_1_336' title='bbox 69 3948 226 3987; x_wconf 79' lang='lat' dir='ltr'><strong>summum</strong></span> <span class='ocrx_word' id='word_1_337' title='bbox 240 3927 399 4007; x_wconf 80' lang='lat' dir='ltr'><strong>studium,</strong></span> <span class='ocrx_word' id='word_1_338' title='bbox 421 3933 469 3988; x_wconf 85' lang='lat' dir='ltr'><strong>ita</strong></span> <span class='ocrx_word' id='word_1_339' title='bbox 482 3932 676 4010; x_wconf 73' lang='lat' dir='ltr'><strong>agnoscimus</strong></span> <span class='ocrx_word' id='word_1_340' title='bbox 692 3949 759 3988; x_wconf 85' lang='lat' dir='ltr'><strong>eum</strong></span> <span class='ocrx_word' id='word_1_341' title='bbox 773 3927 926 4008; x_wconf 81' lang='lat' dir='ltr'><strong>deceptum</strong></span> <span class='ocrx_word' id='word_1_342' title='bbox 940 3925 979 3986; x_wconf 81' lang='lat' dir='ltr'><strong>ab</strong></span> <span class='ocrx_word' id='word_1_343' title='bbox 996 3947 1044 4002; x_wconf 87' lang='lat' dir='ltr'><strong>eo,</strong></span> <span class='ocrx_word' id='word_1_344' title='bbox 1066 3929 1123 4006; x_wconf 87' lang='lat' dir='ltr'><strong>qui</strong></span> <span class='ocrx_word' id='word_1_345' title='bbox 1139 3928 1168 3985; x_wconf 87' lang='lat' dir='ltr'><strong>ei</strong></span> 
     </span>
     <span class='ocr_line' id='line_1_43' title="bbox 62 4009 1168 4092; baseline 0 -21"><span class='ocrx_word' id='word_1_346' title='bbox 62 4010 162 4092; x_wconf 82' lang='lat' dir='ltr'><strong>fidem</strong></span> <span class='ocrx_word' id='word_1_347' title='bbox 169 4015 309 4091; x_wconf 72' lang='lat' dir='ltr'><strong>ficerat,</strong></span> <span class='ocrx_word' id='word_1_348' title='bbox 331 4019 379 4073; x_wconf 85' lang='lat' dir='ltr'><strong>ita</strong></span> <span class='ocrx_word' id='word_1_349' title='bbox 397 4015 504 4074; x_wconf 76' lang='lat' dir='ltr'><strong>haberi</strong></span> <span class='ocrx_word' id='word_1_350' title='bbox 518 4017 551 4073; x_wconf 84' lang='lat' dir='ltr'><strong>iu</strong></span> <span class='ocrx_word' id='word_1_351' title='bbox 570 4013 671 4072; x_wconf 83' lang='lat' dir='ltr'><strong>codice</strong></span> <span class='ocrx_word' id='word_1_352' title='bbox 686 4015 818 4073; x_wconf 75' lang='lat' dir='ltr'><strong>Patavii.</strong></span> <span class='ocrx_word' id='word_1_353' title='bbox 846 4009 933 4072; x_wconf 79' lang='lat' dir='ltr'><strong>Addo</strong></span> <span class='ocrx_word' id='word_1_354' title='bbox 950 4009 1065 4092; x_wconf 73' lang='lat' dir='ltr'><strong>puriter</strong></span> <span class='ocrx_word' id='word_1_355' title='bbox 1079 4009 1168 4072; x_wconf 80' lang='lat' dir='ltr'><strong>foede</strong></span> 
     </span>
     <span class='ocr_line' id='line_1_44' title="bbox 69 4096 1167 4179; baseline 0 -23"><span class='ocrx_word' id='word_1_356' title='bbox 69 4097 267 4178; x_wconf 83' lang='lat' dir='ltr'><strong>imposuisse,</strong></span> <span class='ocrx_word' id='word_1_357' title='bbox 287 4099 339 4179; x_wconf 88' lang='lat' dir='ltr'><strong>qni</strong></span> <span class='ocrx_word' id='word_1_358' title='bbox 358 4099 482 4178; x_wconf 84' lang='lat' dir='ltr'><strong>Regium</strong></span> <span class='ocrx_word' id='word_1_359' title='bbox 496 4099 630 4160; x_wconf 89' lang='lat' dir='ltr'><strong>codicem</strong></span> <span class='ocrx_word' id='word_1_360' title='bbox 644 4099 686 4159; x_wconf 82' lang='lat' dir='ltr'><strong>its</strong></span> <span class='ocrx_word' id='word_1_361' title='bbox 703 4099 815 4159; x_wconf 83' lang='lat' dir='ltr'><strong>referre</strong></span> <span class='ocrx_word' id='word_1_362' title='bbox 833 4103 961 4157; x_wconf 72' lang='lat' dir='ltr'><strong>testatus</strong></span> <span class='ocrx_word' id='word_1_363' title='bbox 980 4105 1034 4158; x_wconf 82' lang='lat' dir='ltr'><strong>est.</strong></span> <span class='ocrx_word' id='word_1_364' title='bbox 1068 4096 1167 4157; x_wconf 84' lang='lat' dir='ltr'><strong>Semel</strong></span> 
     </span>
     <span class='ocr_line' id='line_1_45' title="bbox 70 4179 1167 4266; baseline 0 -24"><span class='ocrx_word' id='word_1_365' title='bbox 70 4183 172 4264; x_wconf 84' lang='lat' dir='ltr'><strong>itsque</strong></span> <span class='ocrx_word' id='word_1_366' title='bbox 187 4192 217 4244; x_wconf 90' lang='lat' dir='ltr'><strong>et</strong></span> <span class='ocrx_word' id='word_1_367' title='bbox 230 4185 339 4244; x_wconf 80' lang='lat' dir='ltr'><strong>itemm</strong></span> <span class='ocrx_word' id='word_1_368' title='bbox 354 4185 457 4246; x_wconf 88' lang='lat' dir='ltr'><strong>dolum</strong></span> <span class='ocrx_word' id='word_1_369' title='bbox 468 4205 574 4266; x_wconf 84' lang='lat' dir='ltr'><strong>passus</strong></span> <span class='ocrx_word' id='word_1_370' title='bbox 589 4194 634 4245; x_wconf 85' lang='lat' dir='ltr'><strong>est</strong></span> <span class='ocrx_word' id='word_1_371' title='bbox 647 4183 846 4246; x_wconf 65' lang='lat' dir='ltr'><strong>&amp;sorbonne</strong></span> <span class='ocrx_word' id='word_1_372' title='bbox 874 4182 923 4242; x_wconf 78' lang='lat' dir='ltr'><strong>An</strong></span> <span class='ocrx_word' id='word_1_373' title='bbox 936 4179 1095 4261; x_wconf 84' lang='lat' dir='ltr'><strong>Quietum,</strong></span> <span class='ocrx_word' id='word_1_374' title='bbox 1115 4181 1167 4242; x_wconf 81' lang='lat' dir='ltr'><strong>vol</strong></span> 
     </span>
     <span class='ocr_line' id='line_1_46' title="bbox 71 4265 1166 4349; baseline 0.002 -19"><span class='ocrx_word' id='word_1_375' title='bbox 71 4267 219 4341; x_wconf 87' lang='lat' dir='ltr'><strong>Quintum</strong></span> <span class='ocrx_word' id='word_1_376' title='bbox 243 4269 322 4349; x_wconf 78' lang='lat' dir='ltr'><strong>legas</strong></span> <span class='ocrx_word' id='word_1_377' title='bbox 349 4269 455 4330; x_wconf 84' lang='lat' dir='ltr'><strong>edocet</strong></span> <span class='ocrx_word' id='word_1_378' title='bbox 482 4271 647 4331; x_wconf 75' lang='lat' dir='ltr'><strong>Ponticus:</strong></span> <span class='ocrx_word' id='word_1_379' title='bbox 684 4269 800 4344; x_wconf 81' lang='lat' dir='ltr'><strong>Quinto</strong></span> <span class='ocrx_word' id='word_1_380' title='bbox 823 4265 1053 4349; x_wconf 70' lang='lat' dir='ltr'><strong>pronunciando</strong></span> <span class='ocrx_word' id='word_1_381' title='bbox 1084 4267 1166 4334; x_wconf 76' lang='lat' dir='ltr'><strong>nest</strong></span> 
     </span>
     <span class='ocr_line' id='line_1_47' title="bbox 71 4352 1110 4442; baseline -0.001 -29"><span class='ocrx_word' id='word_1_382' title='bbox 71 4353 186 4415; x_wconf 81' lang='lat' dir='ltr'><strong>Graeca</strong></span> <span class='ocrx_word' id='word_1_383' title='bbox 200 4353 340 4438; x_wconf 86' lang='lat' dir='ltr'><strong>scriptio,</strong></span> <span class='ocrx_word' id='word_1_384' title='bbox 361 4373 438 4436; x_wconf 83' lang='lat' dir='ltr'><strong>quse</strong></span> <span class='ocrx_word' id='word_1_385' title='bbox 451 4358 496 4440; x_wconf 78' lang='lat' dir='ltr'><strong>spi</strong></span> <span class='ocrx_word' id='word_1_386' title='bbox 503 4402 513 4434; x_wconf 91' lang='lat'>‚</span> <span class='ocrx_word' id='word_1_387' title='bbox 532 4357 673 4442; x_wconf 74' lang='lat' dir='ltr'><strong>Kooirrp</strong></span> <span class='ocrx_word' id='word_1_388' title='bbox 685 4353 759 4416; x_wconf 83' lang='lat' dir='ltr'><strong>scite</strong></span> <span class='ocrx_word' id='word_1_389' title='bbox 771 4352 988 4419; x_wconf 74' lang='lat' dir='ltr'><strong>emendaretur.</strong></span> <span class='ocrx_word' id='word_1_390' title='bbox 1107 4403 1110 4412; x_wconf 78' lang='grc'>,</span> 
     </span>
    </p>
   </div>
   <div class='ocr_carea' id='block_1_5' title="bbox 0 0 1476 4716">
    <p class='ocr_par' dir='ltr' id='par_1_8' title="bbox 0 0 1476 4716">
     <span class='ocr_line' id='line_1_48' title="bbox 0 0 1476 4716; baseline 0 1"><span class='ocrx_word' id='word_1_391' title='bbox 0 0 1476 4716; x_wconf 95' lang='lat' dir='ltr'><strong> </strong></span> 
     </span>
    </p>
   </div>
  </div>
 </body>
</html>
