2960 4716
282 368 334 453 56
739 371 879 454 Goam

285 547 367 599 actae
381 535 459 596 vitas
473 533 593 610 merita,
614 551 690 613 quaa
705 532 788 612 qussi
802 530 909 614 sparsis
924 527 1016 592 radiis
1032 523 1163 594 omnium
1178 531 1272 594 oculis
1288 533 1388 592 obia-

285 634 333 683 eta
346 621 478 682 omnium
493 619 606 680 animos
619 617 871 698 perstringebant,
894 627 927 678 ut
945 637 1014 678 oum
1032 617 1087 676 sibi
1104 617 1274 696 syncellum
1289 615 1386 677 diffi-

285 707 421 782 cillimis,
441 707 481 764 ob
492 706 589 764 illatas
602 703 638 762 ab
653 702 815 764 Hamsdcis
829 704 1018 780 vexationes,
1039 702 1222 781 temporibus
1235 701 1387 780 designa-

284 801 345 868 ret,
376 791 528 850 Tarssium
550 789 605 849 GP.
628 789 705 849 sedis
724 785 924 848 Patriaaeham
943 787 1159 846 sanctissimum
1179 787 1384 866 impulerunt.

285 877 342 938 llio
358 895 410 954 ego
424 876 525 935 virum
540 892 603 933 non
617 874 757 934 adornem
778 872 932 948 laudibus,
960 871 1065 931 seder
1083 871 1235 949 dignitatis
1253 891 1387 932 munera

286 971 318 1024 et
333 981 423 1040 penes
442 957 642 1018 Patriercham
664 967 826 1038 potestate,
848 957 1003 1036 syncellus
1024 957 1090 1036 quis
1107 957 1217 1032 fuerit,
1237 977 1300 1015 non
1319 957 1387 1016 ibit

286 1045 337 1104 abs
346 1065 378 1104 re
391 1043 552 1104 excelsotia
559 1043 706 1103 Historiae
718 1042 894 1104 testimoniis
909 1043 1079 1121 explanare.
1100 1041 1195 1114 Quem
1203 1041 1385 1120 syncellum

287 1123 457 1211 Σύγκελλον
482 1127 711 1208 frequentissimi
732 1127 869 1186 scribunt
885 1137 1036 1204 suctores,
1065 1127 1193 1186 rariores
1216 1127 1384 1206 syngalum

287 1209 439 1296 Σῦγγελον
453 1214 664 1294 pronunciant.
706 1213 874 1272 Lectionum
888 1212 1046 1274 secundam
1058 1211 1165 1292 probat
1177 1211 1282 1272 lunius
1295 1209 1322 1288 ⁶)
1339 1231 1384 1270 ex

288 1297 346 1358 alis
366 1293 543 1383 συνάγγελος
564 1298 726 1357 derivatam
749 1307 778 1356 et
801 1305 994 1356 contractam:
1016 1295 1110 1355 isubi
1130 1289 1279 1377 Σύγγελον
1297 1295 1383 1355 Coe-

288 1383 440 1458 nobe'tnm,
470 1391 501 1441 et
524 1376 773 1462 Hposrouaiyyesov
794 1383 895 1440 Senem
918 1400 1063 1461 quemque
1087 1381 1257 1440 Monasterii
1278 1380 1383 1441 inter-

288 1477 441 1548 pretatur,
463 1465 577 1524 erudite
599 1487 616 1524 a
636 1465 793 1542 Gretssro,
816 1476 845 1524 et
864 1487 924 1526 non
945 1470 1008 1525 sine
1031 1465 1119 1524 laudo
1137 1463 1383 1544 reprehenditur.

288 1547 337 1613 Σύ
357 1557 439 1630 peior
453 1571 469 1608 a
484 1545 672 1631 Συνᾶγγελος
687 1551 831 1610 deductus
850 1551 1017 1611 Clarissimo
1039 1550 1230 1630 Areopagitae
1242 1549 1380 1609 honar-

288 1574 504 1715 doihssaraaq
512 1635 624 1716 placet;
640 1635 773 1694 feliciore
785 1635 856 1694 licet
872 1636 1042 1696 coniectura
1057 1635 1181 1694 laterum
1189 1633 1380 1694 Patriarchae

288 1719 478 1800 stipatorem,
502 1741 536 1778 ao
555 1721 637 1779 velut
651 1722 793 1798 megelnm
813 1719 1004 1796 fidissimum,
1025 1721 1163 1780 laborum
1184 1723 1320 1778 comitem
1337 1719 1382 1778 ud

286 1805 405 1882 negotia
422 1805 543 1884 quaevis
558 1804 692 1862 obeunda
706 1803 940 1884 paratissimum,
963 1799 1115 1888 Σόγγελον
1129 1815 1266 1884 exponat
1288 1803 1380 1863 Eun-

288 1889 355 1948 dem
386 1889 469 1967 quasi
490 1890 645 1969 Σίγιλλον,
676 1890 897 1968 sigilliferum,
926 1897 956 1948 et
991 1884 1260 1971 Hpusoosiyyelos,
1288 1889 1382 1948 velut

287 1975 542 2056 llpmroulysilou,
565 1973 735 2053 Magistrum
753 1974 922 2052 Sigillorum
936 1973 973 2032 ds
987 1974 1097 2032 Latinis
1115 1974 1295 2054 Gruecisquo
1308 1973 1381 2032 Mu-

287 2057 328 2116 sis
354 2077 414 2118 non
433 2059 599 2118 immeritus
621 2059 786 2118 Demetrius
805 2059 902 2122 Duces
924 2059 1043 2118 edocuit
1057 2059 1234 2136 legendum3
1258 2057 1380 2118 senius

286 2161 386 2214 sensu,
406 2152 442 2200 ut
454 2139 543 2220 perdo
561 2142 695 2218 duriore,
717 2143 806 2221 longe
828 2143 987 2206 abhorrsot
1011 2144 1203 2222 quantumvis
1224 2145 1379 2224 σιγὶλλιον,

287 2227 463 2304 sigillatum
475 2223 621 2303 diploma,
642 2226 716 2286 iuris
739 2225 1011 2289 Graeco-Romani
1036 2227 1137 2288 codiee
1157 2227 1380 2306 inspiciendum

195 2325 198 2334 “
287 2308 361 2370 mihi
377 2310 537 2386 ingeretur.
580 2309 686 2369 Verius
703 2311 833 2390 itaqusa
855 2313 932 2372 cella
946 2321 976 2372 et
987 2311 1132 2388 samario,
1155 2307 1215 2374 sind
1233 2317 1289 2374 τοῦ
1307 2318 1379 2374 stei-

286 2395 355 2455 lion
368 2387 534 2472 Σόγκελλος
547 2391 643 2456 dictus
657 2393 814 2472 habeatur,
837 2397 889 2476 qui
903 2397 1062 2458 intimioris
1071 2395 1264 2456 Patriarchici
1278 2417 1380 2456 saera·

286 2477 326 2538 rii
349 2477 578 2556 (herodionem,
609 2479 697 2542 cellae
720 2482 884 2562 particeps,
913 2493 1092 2542 secretorum
1116 2481 1269 2554 conscius,
1290 2483 1380 2540 testis

288 2581 323 2625 ao
338 2581 436 2622 comas
450 2563 601 2640 assiduus,
623 2583 800 2625 arcanorum
811 2585 872 2625 uon
889 2565 1040 2645 ambiguus
1056 2567 1216 2646 interpres,
1236 2565 1379 2642 negotio-

287 2665 355 2706 rum
375 2657 462 2725 atque
477 2647 646 2708 studiorum
665 2650 780 2727 socius,
802 2651 915 2712 animas
934 2661 1050 2728 rector,
1072 2660 1118 2728 et,
1139 2650 1166 2708 si
1185 2649 1279 2724 velis,
1300 2671 1379 2709 eon·

286 2731 426 2790 scientias
438 2731 555 2810 arbiter,
579 2743 608 2792 et
621 2729 829 2814 πνευματικός.
869 2735 999 2815 Antiqua
1012 2736 1085 2794 haec
1097 2755 1164 2813 erga
1177 2733 1378 2794 Pammenem

287 2816 417 2894 syncelli
435 2815 549 2876 officia:
573 2818 744 2901 Anastasius
762 2820 839 2878 euim
860 2819 1018 2898 Presbyter
1032 2819 1099 2892 illa,
1122 2837 1211 2898 quem
1225 2819 1377 2880 Nestorius

288 2896 340 2959 desi
360 2909 448 2978 τιμῆς
470 2897 529 2978 εἶχε
550 2907 677 2981 πολλῆς,
706 2904 757 2964 nei
782 2905 815 2968 se
836 2899 989 2984 πράγμασι
1009 2899 1170 2987 συμβούλῳ
1192 2903 1315 2982 ἐχρῆτο,
1342 2907 1376 2964 in

289 3001 400 3058 magno
416 2983 526 3040 habuit
544 2985 667 3062 honore,
690 2990 778 3045 enisos
803 2989 938 3046 oomiiiie
955 2990 989 3044 in
1005 2985 1094 3044 radus
1115 2987 1258 3068 gerendis
1270 2989 1375 3067 pluri-

287 3085 372 3124 mum
387 3066 540 3144 utebatur,
563 3069 666 3128 scribit
679 3073 812 3131 Socrates
828 3071 873 3147 ⁸);
898 3071 1024 3131 Nestorii
1038 3071 1133 3152 ipsius
1146 3067 1292 3154 διάπυρος
1307 3073 1377 3154 ἐρα·

290 3147 377 3230 στῆς,
400 3147 436 3226 ὃς
448 3150 500 3213 nel
519 3147 704 3234 ouvindnpdr
717 3157 748 3220 οἱ
757 3155 859 3238 γέγονε
874 3153 950 3238 πρός
962 3152 1018 3236 τὴν
1028 3155 1195 3236 insonueris
1209 3152 1376 3238 desiperes,

289 3239 409 3294 amiens
428 3235 548 3295 ardenti
564 3243 763 3318 propensione
783 3239 939 3300 deuinctus
962 3244 1076 3317 extitit,
1099 3253 1127 3300 et
1148 3243 1175 3302 ei
1194 3263 1313 3321 quoque
1331 3241 1378 3301 ad

286 3319 506 3399 Episcopatum
515 3325 652 3401 profecto
670 3345 700 3382 se
715 3329 783 3385 viae
802 3329 918 3384 socium
933 3323 1090 3397 adiunxit,
1111 3327 1153 3385 ait
1175 3327 1314 3405 Euagrius
1328 3325 1373 3402 0);

288 3403 441 3484 eidemque
453 3417 627 3486 propterea,
649 3429 703 3468 ceu
724 3407 967 3470 coniunctissimo
987 3411 1148 3490 syncello,
1169 3409 1322 3470 homiliam
1342 3413 1375 3472 in

286 3485 430 3566 Deiparae
455 3491 578 3568 virginis
603 3491 729 3553 dedecus
751 3505 780 3553 et
805 3495 1000 3574 opprobrium
1017 3489 1200 3555 recitandam
1222 3496 1374 3556 Nestorius

286 3573 449 3649 commisit,
479 3573 658 3655 Theophane
679 3578 717 3636 ad
738 3577 897 3640 Theodosii
920 3579 1048 3640 iunioris
1069 3599 1179 3640 annum
1200 3580 1374 3658 vigesimum

285 3656 407 3716 tertium
423 3668 513 3734 teste,
537 3661 771 3743 dsssspuppdnqv
791 3661 909 3742 duelies
921 3663 990 3746 sorel
1007 3667 1133 3739 πίστεως
1154 3663 1315 3728 ἐκδέδωκεν
1332 3671 1375 3750 τῷ

286 3739 395 3804 semor
405 3743 570 3827 Συγκέλλῳ.
612 3745 694 3806 Adeo
709 3749 864 3828 syncellus
876 3749 1064 3809 Panisrehae
1076 3749 1244 3826 familiaris,
1266 3759 1296 3808 st
1309 3750 1372 3811 eius

288 3825 414 3905 dignitas
430 3829 585 3908 proxima,
605 3841 642 3890 ut
654 3832 809 3892 Timotheo
823 3833 901 3894 vivis
914 3835 1049 3911 sublato,
1072 3835 1195 3894 loannes
1210 3834 1373 3914 Cappadox

286 3911 445 3992 Presbyter
464 3923 494 3973 et
507 3915 661 3994 syncellus
677 3918 731 3976 GP.
747 3917 888 3976 thronum
910 3939 948 3978 ex
960 3917 1140 3998 Theophane
1160 3919 1373 4000 conscenderit,

286 3997 434 4057 Anastasii
455 4000 597 4076 senioris,
619 4011 649 4060 et
668 4001 776 4062 lustini
798 4002 911 4081 pariter
929 4003 1020 4082 primi
1042 4003 1224 4082 temporibus
1245 4003 1373 4084 Epipha-

286 4080 355 4142 nius
376 4083 531 4167 syncellus
553 4085 671 4152 Iounnia
688 4085 754 4158 vics
774 4085 866 4151 luerit
885 4087 1049 4151 ordinatus.
1090 4088 1279 4150 Anastasiuur
1299 4091 1373 4170 Syn·
1444 4091 1448 4102 '

318 4274 349 4343 6)
366 4277 425 4330 Lib.
442 4281 467 4334 3.
486 4281 580 4334 Obser.
596 4281 623 4333 lu
641 4282 765 4336 Codiuum
781 4299 840 4352 esp.
864 4282 906 4338 14„
973 4287 1006 4354 7)
1022 4285 1127 4340 Notulls
1146 4285 1180 4340 sd
1197 4285 1372 4356 unq-mm

354 4343 497 4412 Liturglsm
507 4347 624 4401 adiectis·
691 4351 723 4417 s)
739 4353 798 4405 Lib.
817 4351 843 4406 7.
859 4369 918 4422 cap.
930 4355 974 4410 82.
1041 4355 1073 4422 9)
1090 4353 1147 4407 hib-
1162 4357 1188 4412 6·
1202 4371 1259 4424 esp.
1271 4357 1298 4411 2.
