2944 4716
430 297 492 370 ΕΤ
512 297 868 375 ANNOTATIONES.
1113 290 1190 368 529

94 456 178 520 illud
192 454 330 536 intelligi,
355 455 521 538 quodcum
537 455 669 520 Antonio
683 457 769 534 iniit,
790 479 870 520 anno
885 457 992 522 mnndi
1004 459 1096 530 5459.
1107 468 1137 520 et
1154 469 1192 520 nt

94 563 192 626 prave
211 561 425 624 nonnunquam
446 563 516 602 cum
530 541 665 604 Authore
686 544 814 605 acribam
834 545 926 613 6458.
941 546 992 606 vel
1009 545 1090 626 qnod
1112 565 1191 606 anno

95 629 194 695 5479.
214 647 252 687 ex
272 627 406 688 Africani
425 625 549 686 calculis
572 627 704 706 succepit
726 629 818 690 noluo.
859 629 1010 691 Posterius
1028 629 1088 692 hoc
1106 629 1192 692 annin

95 711 207 773 mundi
223 712 419 772 coniunctum
432 711 458 770 ai
470 710 644 791 rumpaeria,
659 713 784 772 Romam
797 729 877 772 anno
889 716 994 774 mundi
1006 715 1098 784 4754.
1115 737 1193 780 eon-

95 797 194 856 dium
209 798 292 856 annia
308 797 425 858 duobua
438 796 509 856 colia
523 817 639 856 aum-a
649 800 727 864 .720.
744 796 860 856 adiecta
876 809 1005 875 cuperet.
1027 819 1133 861 verum
1153 800 1191 862 ab

96 880 215 943 exactia
229 881 349 959 regibus
366 902 446 940 auno
460 881 566 940 mundi
585 883 681 949 4980.
701 901 775 960 quaa
792 878 943 958 colligitur
957 881 1029 947 477.
1046 904 1192 948 annorum

95 985 214 1026 aumma
228 965 267 1026 ad
282 966 364 1025 illiue
378 966 496 1045 imperii
509 964 619 1025 limites
627 1009 637 1042 ,
660 985 771 1025 annum
784 964 900 1024 acilicet
912 965 1005 1032 5472.
1022 987 1084 1026 non
1100 971 1194 1028 attin-

98 1050 155 1130 git.
195 1051 282 1112 Prius
295 1050 320 1108 ai
333 1051 470 1126 dederis,
492 1049 677 1129 altegisugio
693 1051 813 1130 quidem
827 1049 864 1110 ad
878 1058 1059 1130 occupatum
1079 1051 1115 1110 ab
1134 1053 1195 1112 Au·

97 1143 188 1216 gnato
208 1144 280 1216 poet
294 1135 422 1196 Cameria
434 1134 745 1216 mortemimparium,
766 1135 883 1216 reperio
905 1135 1034 1214 rcriptoa
1052 1134 1103 1196 hic
1119 1136 1193 1204 477.

97 1239 211 1281 annea:
233 1220 398 1298 duguatum
414 1240 557 1300 namquo,
579 1219 616 1279 de
633 1239 693 1300 quo
716 1219 850 1301 caepim,
873 1219 911 1280 ad
928 1220 1073 1301 liempub.
1095 1219 1195 1280 admi-

97 1304 285 1365 nistrandam
301 1325 380 1364 enno
397 1305 488 1372 54⁵8.
504 1305 661 1384 depravate
675 1307 779 1384 poeuit
794 1301 912 1366 Author
925 1325 991 1386 pag.
1005 1306 1077 1373 805.
1091 1305 1127 1366 Δ.
1154 1306 1195 1364 At

98 1409 201 1450 cuma
219 1387 305 1448 iactia
317 1391 427 1450 Romae
448 1389 650 1449 fundamentis
661 1408 739 1448 anno
755 1389 848 1456 4764.
869 1390 907 1450 ad
922 1391 1038 1469 fugator
1060 1409 1144 1470 regen
1164 1399 1195 1449 et

95 1475 257 1534 inatitntoa
272 1475 352 1534 (lora.
368 1494 447 1534 anno
461 1474 554 1540 4981.
569 1493 632 1534 non
642 1473 744 1552 plurea
760 1477 831 1541 997.
847 1475 996 1534 aRomuli
1011 1495 1082 1536 vero
1097 1484 1195 1538 marte

96 1579 179 1640 quae
199 1557 306 1618 mundi
326 1558 420 1626 4779.
440 1557 555 1636 aignata
571 1567 616 1618 eat
628 1557 687 1618 aoli
700 1561 773 1625 201.
788 1565 892 1618 etnon
907 1559 978 1625 248.
1000 1569 1200 1622 numerentur

94 1643 191 1718 anni;
221 1661 285 1701 eam
303 1642 341 1702 ob
355 1663 418 1702 rem
432 1664 449 1702 a
462 1644 571 1702 Romae
590 1643 715 1705 conditu
725 1651 755 1701 et
769 1661 847 1702 auno
862 1642 956 1708 4754.
974 1641 1012 1701 ad
1031 1645 1195 1721 duguatum

94 1727 197 1795 6468.
216 1726 266 1786 vel
288 1727 380 1794 5459.
399 1728 613 1808 imperantem,
641 1748 705 1788 nou
719 1732 791 1796 720.
804 1725 858 1788 red
872 1727 945 1792 704.
960 1727 1010 1787 vel
1022 1729 1097 1794 705.
1113 1727 1195 1788 ‹luir-

93 1821 187 1873 tuat
200 1831 293 1871 annos
305 1813 390 1872 iuxta
401 1813 532 1893 Syncelli
548 1821 722 1893 computum
735 1821 816 1874 recta
830 1809 991 1892 posuerim.

184 1885 256 1959 Ἀπὸ
271 1891 304 1959 dl
317 1894 454 1972 ἁλώσεως
473 1893 604 1978 Τροίας]
633 1897 799 1958 Praeaentia
814 1905 915 1957 tentus
935 1893 1108 1980 depravatio
1126 1895 1196 1956 Eu-

99 1979 178 2040 aebii
190 1979 308 2041 Troiam
319 1982 357 2042 ad
372 2003 484 2043 annum
496 1983 630 2044 Abrahae
644 1985 717 2050 885.
730 1982 919 2056 destructam,
936 1990 965 2040 et
979 1979 1103 2040 Antonii
1114 2001 1198 2040 mor-

98 2075 163 2124 tem
183 2065 221 2126 ad
234 2086 345 2126 annum
361 2072 454 2136 1988.
467 2067 623 2128 referentia
645 2069 809 2128 aentantiaa
831 2065 986 2145 congruit:
1011 2085 1087 2146 quae
1099 2066 1199 2146 aequi-

99 2158 156 2210 tur
176 2149 208 2208 iu
228 2171 352 2225 numero
370 2147 442 2236 oly'.
461 2162 495 2212 ut
513 2151 661 2227 Authori,
690 2153 735 2212 aio
757 2151 884 2213 Eusebio
914 2151 1100 2211 advertatur.
1148 2149 1197 2210 ad

99 2233 244 2295 Authoria
267 2247 395 2298 mentem
419 2247 577 2317 reparetur
599 2235 711 2315 scripto
732 2230 837 2319 ‘agauni
856 2237 924 2296 vica
943 2231 1045 2319 ,epvyfl
1068 2245 1097 2296 at
1118 2229 1195 2298 uni.

99 2319 169 2380 vice
183 2315 256 2403 uly'.
297 2322 438 2382 Ultimum
451 2340 582 2400 namque
596 2319 712 2380 cladem
728 2341 814 2400 parea
828 2329 874 2380 eat
886 2321 977 2379 Troia
998 2341 1076 2380 anno
1091 2319 1197 2381 mundi

99 2405 196 2471 4880.
211 2424 248 2462 ex
261 2406 358 2482 pagin.
375 2411 444 2472 170.
460 2426 477 2464 a
492 2426 552 2484 quo
566 2404 604 2464 ad
619 2405 744 2482 duguati
756 2403 960 2482 principatum
981 2403 1087 2462 mundi
1103 2405 1197 2472 5459.

100 2487 312 2564 consignatum
324 2490 414 2547 medii
429 2488 530 2548 fluunt
545 2491 636 2556 1128.
650 2496 679 2548 et
690 2507 822 2549 rurauu
836 2487 971 2567 praefrto
981 2495 1084 2566 captae
1092 2486 1198 2548 Troiae

98 2569 199 2634 limite
214 2569 253 2631 ad
269 2581 441 2653 auaceptum
456 2593 473 2633 a
487 2573 616 2635 Romulo
630 2593 709 2634 anno
726 2571 819 2640 4742.
837 2591 963 2652 ragnum
976 2569 1034 2632 coli
1048 2570 1121 2637 411.
1136 2571 1198 2630 ela·

97 2657 227 2720 buntur.

189 2741 257 2820 Τῆς
275 2730 332 2804 oalr
355 2734 427 2824 (κη’.
441 2735 665 2824 Ὀλυμπιάδος]
687 2741 847 2818 Quoddam
866 2739 984 2801 Euaebii
999 2739 1197 2818 fragmentum

94 2825 1199 2994 ·:3¹¹lisslss‘ltsss‘sstlt8:588:”tittlitiit‘ltltili{f-
1258 2880 1262 2890 ’

102 2995 229 3058 Cedreni
248 2995 427 3058 collectanea
445 2999 514 3058 vult
533 2992 724 3078 deportatum
746 2995 816 3058 Not.
833 3016 899 3078 pag.
918 2999 991 3062 260.
1014 2997 1054 3054 At
1078 2993 1198 3072 Georgii
1281 3014 1285 3022 ·

102 3101 181 3162 opua
188 3123 199 3156 ,
221 3091 258 3140 ut
272 3081 328 3140 ribi
341 3081 441 3162 tingit,
461 3082 601 3144 vitiatum
615 3102 703 3164 quam
713 3091 824 3144 temere
837 3079 981 3142 ariolatur
997 3079 1127 3158 Scaliger
1141 3080 1199 3140 da-

103 3165 283 3228 cleravimur
301 3167 333 3225 in
350 3169 511 3248 prooemio.

184 3251 254 3329 Peg·
274 3253 346 3317 311.
372 3257 417 3336 tp
437 3250 471 3332 dl
491 3245 572 3335 pnn'.
592 3246 800 3334 Ὀλυμπιάδι]
828 3249 932 3330 Atqui
949 3243 1129 3327 Olympiade
1142 3247 1199 3305 in·-

102 3346 191 3396 eunte
211 3335 310 3394 inibat
329 3357 429 3396 annua
445 3337 598 3411 eepundue
616 3359 638 3396 a
655 3348 749 3396 morte
763 3337 897 3396 Antonii
911 3332 956 3394 ad
971 3353 1086 3392 anniam
1104 3332 1197 3400 6472.

104 3423 142 3480 ab
165 3419 305 3482 Africano
319 3425 434 3500 perita.
479 3423 514 3484 V
509 3421 573 3484 idae
588 3422 730 3485 Librarii
748 3416 891 3499 ἆτοπίανς
916 3420 991 3480 bene
1005 3425 1107 3480 monet
1120 3418 1198 3476 Sca-

103 3507 180 3586 liger
194 3505 354 3580 Animadv.
368 3527 398 3588 p.
415 3511 486 3576 260.
1054 3572 1056 3578 ¹

191 3586 277 3654 Itucci
291 3592 395 3656 τοίνυν
408 3589 478 3673 ρπέ.
492 3585 699 3675 Ὀλυμπιάδω]
718 3590 865 3673 lepidum
879 3589 1024 3669 dignitate
1042 3593 1156 3644 motam
1168 3589 1199 3642 et

30 3740 36 3754 ,
103 3674 268 3752 relegatum
281 3677 374 3737 refert
381 3678 551 3744 Suetoniua.
570 3674 604 3742 ed
617 3676 850 3758 κατασχεθέντος
863 3695 881 3736 a
895 3675 957 3738 MS.
966 3669 1054 3733 Barb.
1063 3669 1200 3750 deprom-

102 3769 191 3843 ptum
207 3769 258 3820 cat.
286 3761 449 3822 Periochen
460 3761 539 3824 hanc
552 3763 665 3824 omittit
680 3761 819 3843 Scaliger.

193 3845 233 3906 Ol
254 3843 288 3908 ἐν
308 3839 538 3934 Ἀλεξανδρείῳ]
573 3848 640 3908 Hoc
659 3859 706 3909 eat
727 3847 808 3928 qnod
830 3843 970 3918 obaervat
991 3833 1135 3899 Euaebinr
1159 3833 1200 3894 nd

105 3929 315 4010 Olympiadem
331 3935 401 3998 187.
432 3932 568 4012 Quidem
580 3933 620 3994 ab
634 3933 692 4004 lace
705 3935 770 3993 loco
781 3933 917 4010 primum
933 3944 1049 3984 annum
1061 3921 1201 4001 Auenti&

103 4013 304 4077 Monarchiae
323 4029 503 4096 supputant.
543 4019 598 4079 Eut
612 4029 710 4079 autem
730 4015 810 4096 apud
826 4033 895 4072 eum
913 4007 1040 4088 Augusti
1060 4006 1110 4072 15·
1138 4003 1200 4062 Alii

106 4121 176 4162 cum
192 4101 313 4163 Petavio
324 4101 378 4163 lib.
394 4105 443 4168 18.
454 4103 492 4164 da
506 4103 594 4167 Dect.
609 4103 711 4183 Temp.
723 4119 802 4160 anno
820 4099 870 4165 14.
886 4115 982 4156 aeram
996 4091 1199 4170 Augustorum

105 4187 264 4265 amigrant.
307 4185 391 4246 Idem
404 4186 456 4250 lib.
472 4194 522 4256 10.
536 4209 601 4270 cap.
617 4191 668 4254 69.
688 4187 836 4264 lynceus,
858 4179 977 4270 ambit,
999 4173 1202 4237 admonendae

107 4289 230 4349 canace,
252 4269 298 4332 uti
314 4271 471 4351 diligenter
487 4293 581 4334 annor
600 4269 736 4332 Actiaco·
754 4267 791 4330 ab
811 4261 1073 4342 Actiaca'rictoria
1086 4258 1201 4322 dircar-

173 4351 272 4442 σέας.
290 4371 429 4439 speum
446 4369 482 4424 u
953 4366 997 4435 34
