2860 4714
388 373 448 442 er
468 373 827 446 mnorsrtones.
1082 369 1158 444 eoo
1233 471 1234 476 Ν

140 533 207 614 rag.
229 537 281 601 ss.
301 525 354 596 ’τι
373 535 434 595 τοι
450 518 635 614 Ἀριστον]
657 533 793 615 Abydeni
810 535 1011 616 ragusam
1027 536 1159 616 Scaliger

59 619 188 700 repoenit
210 620 245 680 in
265 618 385 680 Eusebii
401 617 589 694 Chronicon,
609 621 696 698 quasi
712 621 747 679 ab
765 623 890 682 Eusebib
910 623 1062 702 quondam
1080 624 1160 682 seri·

58 717 150 788 ptum,
171 715 208 766 ut
222 705 355 783 antiquis
369 701 451 762 hisee
466 703 576 763 fabulis
591 721 659 764 eum
673 706 762 766 fidem
781 707 957 786 persuadeat
971 706 1158 772 adhibuisses

59 793 146 852 llecta
157 790 249 850 simul
268 791 484 850 nonnullorum
498 787 548 848 hic
566 801 797 856 memoratorum
811 794 932 851 nomina
950 794 1102 874 depravat.

140 889 232 956 Messi
263 886 499 972 Ειῖτὸαἷρτσχον]
522 891 602 950 Haec
629 892 751 971 quidem
778 895 918 955 Eusebius
942 916 980 955 ex
1005 895 1158 975 Abydeno,

60 989 90 1039 et
112 999 173 1038 non
195 979 227 1036 in
247 977 414 1052 Chronico,
436 979 488 1035 sed
509 978 546 1036 de
563 978 676 1056 Praep.'
690 981 801 1056 Evang.
824 1001 888 1061 cap.
909 987 956 1046 10.
972 1001 1047 1058 quse
1062 980 1167 1040 nihilo'

59 1067 153 1124 secius
169 1063 327 1124 Chronicis
343 1062 516 1123 Eusebrsriis
531 1049 636 1122 inserit
659 1065 791 1143 Scaliger
805 1085 869 1145 pag.
885 1069 914 1130 8.
933 1066 1074 1146 pleraque
1085 1087 1159 1126 vero

58 1151 148 1211 rerba
169 1152 332 1228 depravat,
355 1149 411 1208 alia
429 1148 461 1207 in
485 1147 575 1226 liegio
594 1159 736 1232 corrupta
755 1151 905 1230 restituit,
924 1151 1106 1230 reliquentes
1120 1171 1159 1212 ex

58 1238 149 1296 citato
169 1237 207 1295 de
222 1235 359 1318 Praepur.
375 1235 485 1312 Evang.
501 1234 580 1292 loco.

140 1355 210 1434 Peg.
233 1355 282 1422 40.
304 1349 354 1416 Ἐν
373 1357 412 1434 τῆ
425 1355 595 1439 Σηριαὸικῇ
610 1351 677 1444 γῇ]
703 1358 790 1436 Quae
807 1357 894 1418 nobis
906 1361 1029 1437 ignota.-
1052 1335 1159 1420 scribit

57 1441 188 1520 Scaliger
203 1463 269 1522 pag·
284 1444 354 1508 248.
369 1419 463 1498 Plinio
480 1451 549 1497 note
567 1445 660 1514 Seres,
683 1445 828 1524 oppidum
846 1447 988 1504 nimirum
1004 1444 1084 1504 inter
1103 1445 1158 1502 ,le-

55 1527 248 1608 tbiopiamet
266 1530 447 1606 Aegyptum,
470 1525 520 1606 lib.
534 1530 563 1592 6.
578 1547 644 1604 cap.
660 1531 712 1594 29.
732 1538 821 1588 notus
834 1549 952 1608 quoque
970 1551 1056 1590 mons
1075 1527 1159 1588 Seri·

57 1613 130 1686 dos,
161 1635 222 1692 quo
251 1611 413 1694 Arpharad
433 1612 588 1669 columnas
608 1613 696 1690 duas,
726 1614 873 1696 lapideam
900 1635 1005 1691 unam,
1034 1615 1160 1680 alterum

56 1697 221 1757 latericiam
247 1697 354 1778 figuris
371 1707 400 1756 et
418 1707 567 1756 asuerum
588 1697 760 1758 nominibus
780 1699 908 1778 signatas
928 1699 1056 1778 reperit,
1084 1718 1159 1778 quae

58 1786 222 1864 sposteris
239 1783 309 1842 Seth
332 1783 462 1842 cladium
487 1803 542 1862 per
564 1803 671 1861 aquarn
695 1793 724 1842 et
745 1786 843 1864 ignem
867 1783 925 1846 toti
948 1784 1014 1844 orbi
1037 1793 1160 1842 eventu-

57 1889 157 1928 rarum
179 1871 322 1950 praesciis
343 1867 454 1950 positas
478 1889 513 1926 ex
530 1867 641 1926 Ioanne
657 1867 808 1930 Historico
826 1871 918 1930 relert
934 1870 1105 1930 Eustatbius
1125 1867 1160 1926 in

57 1953 235 2015 Hexamero.
257 1950 280 2035 ἦ
304 1979 348 2028 τις
368 1948 459 2032 στήλη
476 1949 548 2033 μετὰ
569 1950 619 2015 riv
636 1951 844 2036 κατακλυσμδν
862 1953 976 2038 εὑρέθη
993 1955 1035 2027 εἷς
1051 1949 1084 2016 etl
1098 1957 1161 2032 Ση·

57 2039 144 2121 ριόὀς
156 2036 242 2121 ὅρος,
263 2039 315 2102 uel
330 2040 409 2102 ione
422 2038 477 2112 ἕως
490 2035 568 2119 ἄρτι.
620 2039 755 2120 Πίναᾳιιο
768 2043 910 2100 columna
918 2053 992 2120 pori
1006 2039 1161 2099 siderium

58 2129 89 2183 in
102 2137 203 2184 monte
219 2125 342 2186 Seridos
357 2128 494 2202 inrersta,
515 2135 541 2181 et
554 2124 906 2206 lineaequeperse-oerut:
929 2127 976 2185 An
992 2125 1029 2184 ab
1047 2145 1081 2184 ee
1094 2129 1160 2204 Σης·

59 2209 157 2290 ριόική
173 2211 219 2270 vel
236 2205 404 2292 qutndmii
419 2215 459 2291 γῆ
473 2209 573 2268 ιιαΙΙοι
589 2211 781 2288 dubitaverit,
797 2213 848 2292 qui
861 2208 1005 2292 unciario
1021 2203 1161 2292 Συριᾶὄνι

58 2299 144 2356 verba
170 2295 290 2378 loseplri
317 2295 436 2367 vitiata,
459 2315 643 2374 pravamque
658 2297 732 2355 adeo
749 2300 935 2374 versionem,
958 2301 991 2356 in
1010 2307 1092 2356 terra
1105 2297 1161 2374 Sy-

59 2386 105 2439 ria
128 2384 168 2441 ad
192 2391 286 2462 caput
308 2383 338 2447 3.
361 2379 431 2439 libri
457 2385 484 2444 1.
502 2379 653 2458 Antiquit.
669 2377 785 2442 ludaic.
803 2383 913 2442 calcem
928 2403 1044 2442 mecum
1062 2381 1162 2442 obser·

59 2467 147 2527 rabit„
173 2467 240 2526 lion
252 2467 371 2524 occulta
389 2464 500 2544 pariter
515 2465 675 2522 Pausaniae
691 2467 728 2523 ad
744 2466 796 2528 lib.
807 2471 837 2532 6.
852 2478 958 2536 metam
975 2468 1055 2527 Seria
1073 2467 1160 2525 iusu-

59 2550 94 2626 la,
116 2574 173 2612 nec
188 2551 355 2612 Heliodoro
372 2553 457 2608 Seres
473 2547 632 2629 Aethiopes
651 2551 787 2630 Aegypto
805 2553 910 2622 vicini,
932 2553 968 2610 de
984 2552 1094 2630 quibua
1109 2549 1162 2610 hie

62 2635 184 2717 belbiop
200 2637 255 2698 lib.
266 2641 295 2702 9.
311 2629 488 2718 γινώσκεται
502 2631 534 2698 eli
548 2633 677 2717 ἦΣνρρὶα
689 2639 783 2712 νῆσος
795 2635 828 2699 ἒν
837 2639 922 2722 μυχῷ
934 2630 1091 2714 θαλάσσης
1103 2657 1161 2698 net·

61 2720 134 2802 μένη
151 2727 206 2804 τῆς
222 2721 364 2803 ἐρυθρᾶς.
385 2715 503 2801 ἥκουσα
517 2717 549 2782 di
568 2719 624 2794 ὥς,
650 2715 741 2800 cdxii
757 2717 887 2804 ἐρυθροὶ,
910 2716 1041 2800 ποταμὸς
1056 2719 1103 2794 tl,
1125 2713 1161 2780 iio

61 2811 144 2888 Σῆρα
159 2803 378 2890 ὀνομάζουσιν,
400 2795 489 2878 οὗτός
504 2803 582 2868 loris·
596 2803 616 2870 ν’
630 2811 728 2868 ποιῶν
742 2830 761 2866 ν
771 2809 838 2870 ’σον
857 2799 970 2884 cirria,
994 2799 1093 2884 ὥσπερ
1109 2799 1162 2866 rol

61 2889 215 2974 Αἰγύπτου
240 2887 275 2954 rel
291 2891 377 2954 dilen
388 2885 449 2955 sind
464 2894 519 2952 τοῦ
535 2893 656 2969 Νείλου,
678 2891 728 2953 καὶ
742 2915 796 2972 ουχ
811 2887 873 2954 sind
889 2895 959 2970 μιᾶς
971 2887 1162 2972 ττεριὲχεσθαι

63 2975 223 3059 θαλάσσης.
245 2971 388 3056 τοιαύτην
401 2975 513 3056 ἑτέραν,
529 2975 579 3037 καὶ
593 2971 648 3056 τήν
660 2981 778 3056 Σηρίαν
788 2979 886 3056 νῆσον
898 2971 984 3039 εἶναι.
1007 2969 1091 3039 οὗτοι
1106 2973 1162 3056 μέν

65 3086 107 3126 τοι
119 3066 168 3125 καὶ
185 3067 245 3126 τοῦ
259 3058 422 3125 Αἰθιόπων
438 3059 543 3142 γένους
558 3057 644 3124 edroi
657 3084 686 3123 τε
700 3060 776 3124 εἰσὶν
792 3062 824 3124 ol
841 3066 947 3142 Σῆρες.
990 3063 1075 3120 Satis
1090 3083 1163 3120 eon·

63 3159 121 3206 stol
134 3152 256 3210 Seriane
271 3149 407 3206 insulam
419 3147 512 3204 sitam
526 3151 561 3205 in
573 3147 663 3205 rubri
676 3149 773 3205 marie
788 3168 913 3206 recessu.
955 3148 1078 3208 Audin·
1090 3167 1159 3206 vero
1277 3203 1280 3208 .

62 3238 113 3316 qni
133 3235 287 3310 dicerent,
309 3255 370 3292 non
389 3253 473 3290 mare
490 3232 632 3300 rubrum,
654 3231 710 3290 aed
726 3235 824 3292 Sereni
839 3253 954 3292 omnem
971 3236 1105 3294 insulam
1120 3233 1160 3290 il·
1232 3275 1236 3283 .

61 3323 256 3399 lamsnrm,
277 3340 337 3378 nen
350 3319 441 3376 aliter
453 3338 545 3396 quam
559 3317 667 3388 Nilus,
688 3339 770 3392 enm,
793 3321 845 3376 eui
855 3319 952 3380 Delta
966 3341 1069 3378 nomen
1076 3361 1086 3394 ,
1110 3341 1160 3378 ne.

63 3428 115 3486 que
136 3410 220 3465 enirn
242 3407 326 3462 mari
345 3405 412 3462 ulla
431 3423 464 3460 ex
483 3413 574 3482 parte
596 3406 749 3486 cingitur:
773 3415 800 3461 el
815 3403 897 3464 hane
911 3427 1028 3485 quoque
1041 3409 1161 3466 Serinm

62 3493 197 3552 imolam
218 3489 397 3570 parimodo
410 3491 567 3550 constitui.
608 3489 674 3549 Hie
687 3487 809 3570 quidem
820 3491 904 3550 Seres
920 3489 1162 3572 adAetlriopuns
1266 3488 1270 3498 ’

60 3599 154 3658 genus
167 3587 362 3639 revocantur.

143 3671 304 3760 Κτιρένων
317 3677 467 3758 merida]
491 3677 537 3739 td
559 3677 716 3760 Erythraei
734 3678 844 3742 littoris
865 3683 954 3762 Pylas
974 3679 1088 3742 insulsa
1110 3699 1165 3738 eo·

63 3765 179 3828 lomnes
190 3768 257 3826 sive
274 3767 362 3826 stelas
376 3767 509 3845 lapideas
523 3764 617 3825 literis
628 3765 795 3844 insculptas
805 3775 956 3846 quondam
971 3768 1048 3826 visas
1062 3772 1166 3824 namet

65 3851 175 3912 Plinius
197 3853 266 3912 loeo
287 3871 383 3931 nuper
396 3851 534 3928 laudato,
557 3873 616 3930 quo
637 3853 869 3932 sculpendarum
882 3850 991 3911 litteris
1006 3851 1165 3915 columna·

64 3955 128 3998 nun
142 3939 175 3998 in
191 3959 226 3998 ea
242 3938 363 4016 regione
376 3957 488 3996 rnorem
501 3939 632 3996 extitisse
647 3958 709 3997 non
723 3937 893 3998 obscurum.

146 4043 227 4104 ono
247 4043 303 4102 rosi
319 4033 441 4120 τιροὶτου
460 4036 596 4119 Zenon]
619 4039 723 4098 Thoth
738 4037 1008 4098 Alexandrinorum
1024 4045 1068 4096 est
1082 4035 1165 4096 Mer·

66 4127 179 4202 curius,
202 4127 246 4186 ait
266 4125 406 4186 Eusebius
426 4123 462 4182 de
483 4125 620 4205 Praepsr.
642 4123 783 4204 Evangel.
799 4123 850 4186 lib.
864 4129 894 4189 2.
916 4141 979 4201 cap.
997 4127 1024 4188 1.
1040 4121 1165 4202 reliquis

66 4210 219 4293 Aegyptiis
237 4209 359 4290 Theyth
378 4209 477 4268 dictus
500 4209 603 4292 (quam
623 4211 780 4270 lectionem
797 4207 989 4286 amplectitur
1004 4205 1051 4268 his
1066 4207 1165 4266 Scali-

66 4297 124 4377 ger)
146 4299 228 4357 idem
243 4295 327 4356 Plato
345 4297 378 4356 iu
395 4293 544 4372 Phaedro,
566 4305 596 4354 et
616 4296 719 4356 Cicero
733 4297 762 4360 8.
780 4293 818 4354 ds
833 4295 901 4355 Nat.
916 4294 987 4355 tteo.
999 4293 1165 4355 affirment:

67 4401 83 4441 s
99 4405 154 4464 quo
168 4382 288 4466 primus
301 4381 409 4444 mensis
424 4381 625 4465 Aegyptiacus
638 4401 748 4440 nemen
761 4379 893 4440 sortitur.
