2944 4716
422 329 482 406 ET
502 327 854 404 ANNOTATIONES.
1114 319 1190 400 51⁷

92 509 154 552 sus
170 495 201 546 et
220 487 348 550 obaesus
370 486 529 552 indicetur.
578 488 733 554 videndus
754 490 858 554 Simon
885 489 1003 554 Portiue
1025 489 1059 552 iu
1079 491 1190 556 Laxico

94 573 315 638 mixobsrbaro.
884 585 887 592 '

186 662 253 721 Teis
265 653 321 722 δύο
336 657 523 742 βασιλειῶν]
547 655 745 721 Alexandriae
759 660 901 722 nimirum
915 671 946 722 et
960 661 1099 744 Cyrenes.
1125 661 1187 724 Uni
1205 671 1236 730 V·
1249 661 1284 726 ’66

91 761 243 889 πιξὲαο,
263 753 295 804 et
316 761 534 824 nonusmqusm
554 741 670 806 duobus
695 745 822 825 sceptris
845 755 971 826 utraque
990 749 1073 832 regio
1087 746 1190 810 subia-

90 849 132 892 ce

42 957 48 966 .
176 904 249 974 Ὦδο
275 903 508 991 semimortua]
535 909 671 971 alicuius
690 909 839 973 delectum
853 913 1006 993 sequentia
1025 915 1117 976 verba
1135 917 1190 978 ‹le-

93 997 229 1074 clsrant;
256 1015 313 1054 nec
338 995 418 1054 enim
439 1005 636 1056 memoratum
655 994 708 1055 hic
729 1006 799 1078 poet
817 998 1017 1058 Ptolemaeum
1039 999 1189 1062 Phuscum

90 1099 304 1142 suceessorum
317 1099 419 1158 regum
433 1081 609 1141 laterculum
624 1082 795 1162 profertum
817 1091 847 1144 et
860 1104 877 1142 a
891 1082 1057 1142 Ptolemaeo
1071 1084 1188 1146 Phueco

90 1167 136 1228 ad
152 1169 339 1246 Cleopatram
356 1165 515 1246 Ptolemaei
530 1166 653 1246 Dionysi
665 1166 758 1226 filiam
770 1167 895 1228 inferius
904 1176 1051 1244 vocatam,
1071 1169 1190 1230 nullum

88 1251 228 1332 Aegypti
248 1269 347 1329 regem
367 1251 493 1332 exponit
510 1249 637 1316 Author.
669 1252 697 1312 A
716 1254 866 1313 communi
880 1255 981 1312 forsan
993 1252 1099 1312 mundi
1111 1271 1191 1344 spuo

89 1339 191 1404 5377.
212 1355 271 1414 quo
290 1333 423 1394 Phuscus
444 1337 477 1394 in
496 1335 606 1396 solium
621 1345 757 1414 evectas,
779 1337 819 1398 ad
837 1339 1024 1418 Cleopatram
1043 1339 1189 1418 Lagorum

87 1421 250 1496 ultimam,
270 1428 301 1478 et
313 1428 433 1498 sceptro
449 1420 505 1479 sub
520 1441 632 1480 eranum
648 1422 752 1480 mundi
767 1423 860 1488 6446.
876 1433 911 1482 ut
923 1423 1028 1482 scribit
1040 1423 1107 1501 ille,
1127 1443 1189 1504 po-

88 1506 201 1582 titam,
227 1503 330 1563 nullus
352 1505 429 1564 alter
450 1504 588 1567 medius?
623 1505 800 1564 inserendus
817 1527 888 1566 sans
910 1508 1082 1587 Cleopatrae
1102 1518 1190 1589 pater

86 1591 174 1649 alius
196 1589 399 1666 Ptolemaeus,
428 1597 494 1648 tum
518 1590 612 1650 frater
630 1589 734 1649 eodem
753 1589 874 1650 nomine
894 1593 1130 1670 nuncupandus,
1158 1601 1190 1653 et

86 1673 392 1752 uterque'praesenti
410 1674 478 1734 loco
498 1673 625 1735 Libraiii
646 1673 802 1733 oscitantia
822 1675 1013 1754 praetentus:
1042 1697 1133 1754 quam
1151 1697 1190 1736 ex

84 1756 233 1820 Authore
241 1757 361 1836 partim,
381 1768 411 1818 et
421 1759 532 1840 partim
546 1779 584 1818 ex
598 1758 730 1840 probatis
743 1757 939 1838 Chronologis
950 1758 1078 1819 maxime
1090 1757 1190 1820 Chro-

86 1843 170 1904 nico
185 1842 387 1902 Alexandrino
406 1843 536 1904 Authori
551 1864 613 1904 non
625 1844 729 1923 ignoto
740 1844 935 1924 reparandam
952 1843 1080 1905 decrevi.

182 1921 338 2008 Αἰγύπτου
357 1926 409 1990 καί
425 1923 644 2011 Ἀλτξαυδρείας
661 1925 700 2008 η’.
723 1928 912 2010 ἰβασίλευσον
924 1925 958 1994 τύ
973 1933 1093 2012 πρῶτον
1110 1933 1189 1993 Πτο-

91 2017 219 2094 λεμαῖος
233 2009 249 2074 ὅ
264 2015 403 2087 Poiessa*
419 2011 468 2093 ἔτη
484 2009 513 2076 τ’.
532 2020 588 2077 τοῦ
605 2010 638 2076 δὲ
652 2005 768 2096 κόσμου
784 2007 874 2099 prof.

183 2090 340 2178 Αἰγύπτου
359 2096 412 2160 καί
430 2092 649 2180 Ἀλεξανδρείας
668 2091 711 2162 s'.
739 2097 930 2179 ίβασίλευσευ
955 2091 1146 2183 Ἀλέξανδρος
1170 2095 1191 2162 δ

95 2173 196 2244 scissi
206 2176 338 2260 οἰδολυδς
350 2181 400 2262 ἔτη
414 2177 457 2246 ιε’.
477 2188 534 2248 τοῦ
547 2182 580 2246 δὲ
592 2177 705 2262 κόσμου
718 2178 813 2266 ‘einh

181 2262 337 2348 Αἰγύπτου
349 2267 400 2330 καί
411 2262 631 2350 Ἀλεξανδρείας
644 2263 672 2328 ί.
689 2266 878 2348 ἰβαοίλτυστυ
892 2262 926 2332 si
946 2263 1087 2352 δεύτερον
1104 2269 1189 2332 Πτο-

93 2349 248 2433 λεμαῖοςὸ
264 2355 404 2426 Φούοκος
419 2353 469 2432 ίτη
486 2348 525 2432 η’.
542 2355 599 2415 τοῦ
616 2347 649 2412 tt
662 2345 777 2432 κόσμου
790 2347 872 2434 μβ.

181 2431 339 2518 Αἰγύπτου
357 2435 410 2498 καί
427 2431 645 2518 Ἀλεξανδρείας
669 2427 719 2498 ια’.
747 2433 937 2514 ἐβασίλευσεν
963 2435 1150 2517 Πτολεμαῖος
1169 2432 1189 2500 δ

94 2513 246 2593 Διόνυσος
259 2519 308 2599 ἔτη
321 2513 357 2584 λ’.
377 2523 432 2582 τοῦ
446 2517 480 2583 δὲ
490 2515 605 2600 κόσμου
626 2513 692 2582 ευτ’.

184 2597 343 2687 Αἰγύπτου
359 2579 640 2709 satietatemque}
652 2596 701 2684 ιβ’.
723 2600 912 2684 ἐβασίλευσεν
924 2605 1110 2684 Πτολεμαῖος
1121 2597 1190 2674 uisis

14 2707 15 2720 ¹
96 2689 306 2770 Πτολεμαίου,
325 2692 383 2752 τού
398 2687 451 2752 καί
472 2695 625 2754 Διονυσου
644 2681 840 2771 Κλεοπάτρας
862 2681 994 2768 aizleimis
1015 2685 1063 2768 ἰτη
1078 2681 1113 2759 ς’.
1133 2689 1189 2748 τού
1226 2733 1242 2764 ,

96 2775 132 2842 δὲ
146 2768 262 2853 κόσμου
275 2771 324 2853 ἔτη
338 2767 417 2856 ,supi
753 2784 757 2791 '

184 2859 270 2920 Prius
283 2869 313 2918 et
322 2858 460 2919 iteratum
474 2857 639 2939 Physconis
652 2877 774 2939 reguum
784 2855 889 2918 asserit
901 2854 1190 2934 Anthou-'praesente

96 2947 184 3023 loco,
207 2953 237 3003 et
256 2943 412 3023 utriusque
428 2945 529 3004 fratris
548 2953 666 3025 tempus
686 2963 831 3004 summam
850 2961 996 3001 annorum
1016 2943 1068 3006 00.
1092 2937 1188 2998 confi·

98 3051 167 3092 oere
188 3037 330 3089 testatur:
368 3029 535 3089 Ptolemaeo
564 3029 710 3110 Dionyso,
739 3029 802 3088 eivs
828 3025 988 3106 Dionysio,
1011 3023 1188 3104 quibusdam

97 3115 201 3177 Assleti
225 3115 290 3173 aliis
311 3112 444 3176 Lathuro
466 3115 659 3194 cognomine,
688 3113 831 3188 Georgius
850 3113 964 3193 pariter
987 3131 1022 3169 ac
1043 3109 1189 3168 Eusebiae

97 3201 222 3278 triginta
245 3198 354 3258 tribuit
375 3219 483 3274 annos,
513 3199 552 3260 ad
575 3199 682 3258 mundi
702 3197 844 3260 videlicet
869 3195 962 3263 5440.
1004 3193 1146 3272 Sequitur
1170 3213 1188 3251 s

97 3287 253 3368 plerisque
271 3284 495 3364 praetermissus
515 3285 700 3344 Ptolemaeus
719 3283 858 3352 ultimus,
879 3282 943 3341 sive
962 3278 1139 3358 Dionysius,
1161 3275 1189 3336 si

97 3381 187 3452 pater
197 3369 256 3430 luit
269 3369 404 3446 Auletes,
422 3370 473 3430 vel
485 3368 632 3430 Lathurue
640 3414 651 3447 ,
672 3367 758 3428 cuiue
770 3385 862 3445 regno
880 3363 1022 3425 nonnulli
1036 3363 1121 3434 duos,
1134 3360 1188 3421 alii

98 3477 154 3516 sex
173 3454 309 3515 Petavius
330 3453 382 3514 lib.
396 3459 446 3520 10.
460 3475 523 3534 cap.
537 3454 587 3520 46.
602 3453 734 3534 quinque
753 3472 847 3512 annos
861 3449 1025 3532 imputant,
1048 3468 1065 3508 a
1080 3446 1188 3508 mundi
1228 3507 1230 3512 ,

100 3541 193 3608 6440.
209 3539 248 3598 ad
263 3537 355 3604 5446.
371 3559 431 3618 quo
446 3538 702 3620 soror'Gleopatra
721 3557 783 3598 non
801 3537 937 3602 exercuit
956 3533 1063 3610 modo,
1084 3531 1137 3592 ssd
1158 3541 1189 3592 et

99 3627 212 3704 regiam
232 3643 349 3684 omnem
367 3625 497 3704 suscepit
514 3633 689 3704 potestatem
707 3643 746 3683 ex
763 3641 828 3704 pag.
842 3625 914 3690 303.
931 3621 966 3685 A.
987 3619 1189 3680 Ptolemaeum

99 3711 195 3770 istum
207 3709 357 3768 diversum
372 3708 408 3768 ab
425 3707 531 3768 Aulete
543 3729 606 3767 non
620 3707 736 3769 Author
752 3707 841 3768 modo
853 3727 918 3788 pag.
931 3709 1003 3772 301.
1018 3702 1053 3761 D·
1072 3709 1102 3760 et
1115 3702 1189 3768 303.

99 3797 137 3856 Δ.
155 3813 213 3854 nec
228 3813 375 3854 annorum
388 3793 478 3854 modo
492 3813 650 3872 numerus,
669 3813 773 3854 uerum
790 3801 820 3852 et
844 3791 1027 3870 scriptorum
1045 3783 1189 3846 euthori-

99 3890 165 3956 tae‚
187 3888 218 3938 et
235 3888 314 3937 setae
337 3887 453 3956 tenera,
479 3899 539 3958 qua
557 3878 718 3960 Eutropius
741 3889 771 3938 et
793 3876 902 3936 Paulus
921 3870 1043 3934 Orosius
1063 3891 1080 3931 e
1097 3870 1188 3948 vivis,

101 3966 140 4026 ob
161 3964 302 4044 Pompeio
324 3984 426 4024 necem
444 3959 485 4024 'aab
510 3983 544 4024 ou
567 3964 729 4024 crudeliter
748 3962 880 4035 illatam,
901 3979 918 4016 s
940 3959 1062 4016 Caesare
1081 3953 1190 4015 deinde

101 4051 251 4111 sublatum
270 4057 462 4109 attestantura
488 4047 540 4108 liic
558 4049 677 4128 quidem
698 4047 775 4108 libro
792 4051 821 4112 6·
842 4064 907 4123 cap.
927 4043 976 4108 15.
1013 4041 1080 4100 Hic
1092 4041 1190 4099 exitus

97 4157 223 4216 pugnas
236 4131 280 4191 ud
292 4133 598 4212 Palaeoplsarsalium
608 4136 684 4210 fuit.
730 4131 893 4207 1²ompeius
903 4127 1035 4207 fugiens
1058 4129 1091 4184 in
1110 4125 1188 4183 ostio

102 4223 193 4280 Pinei
205 4219 305 4277 omnis
320 4221 491 4277 canariam
509 4239 616 4278 transm
635 4228 759 4290 noctus,
781 4215 813 4272 in
827 4212 939 4272 Asiam
956 4213 1099 4271 transiit.-
1119 4207 1189 4268 inde

99 4328 155 4386 per
180 4305 313 4384 Cyprum
330 4305 365 4362 iis
384 4303 556 4385 Aegyptum
579 4305 676 4367 uenit:
704 4301 807 4381 ibique
824 4317 893 4358 moa
910 4307 945 4356 ut
966 4295 1055 4384 ἰίίίυτ
1074 4297 1190 4378 attigit,
