<?xml version="1.0" encoding="UTF-8"?>
<!DOCTYPE html PUBLIC "-//W3C//DTD XHTML 1.0 Transitional//EN"
    "http://www.w3.org/TR/xhtml1/DTD/xhtml1-transitional.dtd">
<html xmlns="http://www.w3.org/1999/xhtml" xml:lang="en" lang="en">
 <head>
  <title>
</title>
<meta http-equiv="Content-Type" content="text/html;charset=utf-8" />
  <meta name='ocr-system' content='tesseract 3.04.00' />
  <meta name='ocr-capabilities' content='ocr_page ocr_carea ocr_par ocr_line ocrx_word'/>
</head>
<body>
  <div class='ocr_page' id='page_1' title='image "./corpusscriptoru15niebgoog_0408.png"; bbox 0 0 2860 4714; ppageno 0'>
   <div class='ocr_carea' id='block_1_1' title="bbox 397 343 1159 422">
    <p class='ocr_par' dir='ltr' id='par_1_1' title="bbox 397 343 1159 422">
     <span class='ocr_line' id='line_1_1' title="bbox 397 343 1159 422; baseline 0.013 -11"><span class='ocrx_word' id='word_1_1' title='bbox 397 343 457 412; x_wconf 87' lang='grc' dir='ltr'><strong>ΕΤ</strong></span> <span class='ocrx_word' id='word_1_2' title='bbox 478 344 832 419; x_wconf 75' lang='lat' dir='ltr'><strong>ANNOTATIONES.</strong></span> <span class='ocrx_word' id='word_1_3' title='bbox 1084 343 1159 422; x_wconf 77' lang='grc'><strong>885</strong></span> 
     </span>
    </p>
   </div>
   <div class='ocr_carea' id='block_1_2' title="bbox 65 495 1159 1006">
    <p class='ocr_par' dir='ltr' id='par_1_2' title="bbox 65 495 1159 1006">
     <span class='ocr_line' id='line_1_2' title="bbox 66 495 1159 586; baseline 0.013 -27"><span class='ocrx_word' id='word_1_4' title='bbox 66 495 168 560; x_wconf 80' lang='lat' dir='ltr'><strong>maliia</strong></span> <span class='ocrx_word' id='word_1_5' title='bbox 181 495 317 558; x_wconf 77' lang='lat' dir='ltr'><strong>diversae</strong></span> <span class='ocrx_word' id='word_1_6' title='bbox 330 497 455 560; x_wconf 85' lang='lat' dir='ltr'><strong>omuino</strong></span> <span class='ocrx_word' id='word_1_7' title='bbox 473 501 616 582; x_wconf 77' lang='lat' dir='ltr'><strong>colligent</strong></span> <span class='ocrx_word' id='word_1_8' title='bbox 633 505 764 584; x_wconf 77' lang='lat' dir='ltr'>Scaliger</span> <span class='ocrx_word' id='word_1_9' title='bbox 777 523 844 586; x_wconf 90' lang='lat' dir='ltr'><strong>pag.</strong></span> <span class='ocrx_word' id='word_1_10' title='bbox 861 505 911 574; x_wconf 76' lang='lat'><strong>14.</strong></span> <span class='ocrx_word' id='word_1_11' title='bbox 923 513 953 566; x_wconf 84' lang='lat' dir='ltr'><strong>ct</strong></span> <span class='ocrx_word' id='word_1_12' title='bbox 965 507 1037 576; x_wconf 82' lang='grc'><strong>866.</strong></span> <span class='ocrx_word' id='word_1_13' title='bbox 1054 528 1159 572; x_wconf 72' lang='lat' dir='ltr'><strong>emau-</strong></span> 
     </span>
     <span class='ocr_line' id='line_1_3' title="bbox 68 589 1159 672; baseline 0.015 -29"><span class='ocrx_word' id='word_1_14' title='bbox 68 594 111 643; x_wconf 87' lang='lat' dir='ltr'><strong>tea</strong></span> <span class='ocrx_word' id='word_1_15' title='bbox 128 603 270 642; x_wconf 76' lang='lat' dir='ltr'><strong>numeror</strong></span> <span class='ocrx_word' id='word_1_16' title='bbox 286 595 445 664; x_wconf 74' lang='lat' dir='ltr'><strong>sequutum</strong></span> <span class='ocrx_word' id='word_1_17' title='bbox 462 605 508 663; x_wconf 87' lang='lat' dir='ltr'><strong>ac,</strong></span> <span class='ocrx_word' id='word_1_18' title='bbox 531 597 562 648; x_wconf 92' lang='lat' dir='ltr'><strong>et</strong></span> <span class='ocrx_word' id='word_1_19' title='bbox 575 589 716 650; x_wconf 77' lang='lat' dir='ltr'><strong>inductor</strong></span> <span class='ocrx_word' id='word_1_20' title='bbox 728 611 747 650; x_wconf 85' lang='lat' dir='ltr'><strong>a</strong></span> <span class='ocrx_word' id='word_1_21' title='bbox 762 591 953 672; x_wconf 81' lang='lat' dir='ltr'><strong>(lacographo</strong></span> <span class='ocrx_word' id='word_1_22' title='bbox 967 611 1080 656; x_wconf 71' lang='lat' dir='ltr'><strong>errore·</strong></span> <span class='ocrx_word' id='word_1_23' title='bbox 1094 617 1159 660; x_wconf 86' lang='lat' dir='ltr'><strong>nora</strong></span> 
     </span>
     <span class='ocr_line' id='line_1_4' title="bbox 67 669 1158 759; baseline 0.015 -33"><span class='ocrx_word' id='word_1_24' title='bbox 67 669 311 742; x_wconf 72' lang='lat' dir='ltr'><strong>animadvertiaqc</strong></span> <span class='ocrx_word' id='word_1_25' title='bbox 333 669 475 732; x_wconf 83' lang='lat' dir='ltr'><strong>declarat.</strong></span> <span class='ocrx_word' id='word_1_26' title='bbox 523 671 642 751; x_wconf 83' lang='lat' dir='ltr'><strong>Ecquid</strong></span> <span class='ocrx_word' id='word_1_27' title='bbox 660 673 768 752; x_wconf 88' lang='lat' dir='ltr'><strong>igitur,</strong></span> <span class='ocrx_word' id='word_1_28' title='bbox 788 677 919 756; x_wconf 86' lang='lat' dir='ltr'><strong>inquiet,</strong></span> <span class='ocrx_word' id='word_1_29' title='bbox 945 697 1027 756; x_wconf 86' lang='lat' dir='ltr'><strong>regea</strong></span> <span class='ocrx_word' id='word_1_30' title='bbox 1043 690 1158 759; x_wconf 88' lang='lat' dir='ltr'><strong>aeptem</strong></span> 
     </span>
     <span class='ocr_line' id='line_1_5' title="bbox 65 753 1158 839; baseline 0.016 -29"><span class='ocrx_word' id='word_1_31' title='bbox 65 753 225 832; x_wconf 81' lang='lat' dir='ltr'><strong>Dymatiae</strong></span> <span class='ocrx_word' id='word_1_32' title='bbox 247 754 369 814; x_wconf 74' lang='lat' dir='ltr'><strong>Eusebii</strong></span> <span class='ocrx_word' id='word_1_33' title='bbox 389 755 536 816; x_wconf 86' lang='lat' dir='ltr'><strong>aecundae</strong></span> <span class='ocrx_word' id='word_1_34' title='bbox 550 759 589 818; x_wconf 88' lang='lat' dir='ltr'><strong>ad</strong></span> <span class='ocrx_word' id='word_1_35' title='bbox 604 759 738 818; x_wconf 76' lang='lat' dir='ltr'><strong>Africani</strong></span> <span class='ocrx_word' id='word_1_36' title='bbox 757 761 883 839; x_wconf 87' lang='lat' dir='ltr'><strong>primam</strong></span> <span class='ocrx_word' id='word_1_37' title='bbox 899 761 1032 824; x_wconf 81' lang='lat' dir='ltr'><strong>adnexae</strong></span> <span class='ocrx_word' id='word_1_38' title='bbox 1045 765 1158 827; x_wconf 83' lang='lat' dir='ltr'><strong>chara-</strong></span> 
     </span>
     <span class='ocr_line' id='line_1_6' title="bbox 67 837 1159 928; baseline 0.016 -32"><span class='ocrx_word' id='word_1_39' title='bbox 67 837 196 897; x_wconf 86' lang='lat' dir='ltr'><strong>ctcribua</strong></span> <span class='ocrx_word' id='word_1_40' title='bbox 214 839 357 898; x_wconf 75' lang='lat' dir='ltr'><strong>Africano</strong></span> <span class='ocrx_word' id='word_1_41' title='bbox 376 841 504 899; x_wconf 72' lang='lat' dir='ltr'><strong>addictis</strong></span> <span class='ocrx_word' id='word_1_42' title='bbox 525 843 622 902; x_wconf 81' lang='lat' dir='ltr'><strong>luerat</strong></span> <span class='ocrx_word' id='word_1_43' title='bbox 643 843 850 922; x_wconf 72' lang='lat' dir='ltr'><strong>depingenda?</strong></span> <span class='ocrx_word' id='word_1_44' title='bbox 877 847 1084 928; x_wconf 84' lang='lat' dir='ltr'><strong>Nequaquam:</strong></span> <span class='ocrx_word' id='word_1_45' title='bbox 1105 851 1159 912; x_wconf 87' lang='lat' dir='ltr'><strong>aad</strong></span> 
     </span>
     <span class='ocr_line' id='line_1_7' title="bbox 67 922 865 1006; baseline 0.006 -24"><span class='ocrx_word' id='word_1_46' title='bbox 67 933 99 982; x_wconf 91' lang='lat' dir='ltr'><strong>ut</strong></span> <span class='ocrx_word' id='word_1_47' title='bbox 112 922 248 999; x_wconf 64' lang='lat' dir='ltr'><strong>ordinm,</strong></span> <span class='ocrx_word' id='word_1_48' title='bbox 269 925 313 984; x_wconf 85' lang='lat' dir='ltr'><strong>ita</strong></span> <span class='ocrx_word' id='word_1_49' title='bbox 326 925 440 1004; x_wconf 89' lang='lat' dir='ltr'><strong>pariter</strong></span> <span class='ocrx_word' id='word_1_50' title='bbox 452 924 634 988; x_wconf 70' lang='lat' dir='ltr'><strong>characteris</strong></span> <span class='ocrx_word' id='word_1_51' title='bbox 644 929 798 1006; x_wconf 76' lang='lat' dir='ltr'><strong>pcrruuio</strong></span> <span class='ocrx_word' id='word_1_52' title='bbox 812 938 865 989; x_wconf 88' lang='lat' dir='ltr'><strong>eat.</strong></span> 
     </span>
    </p>
   </div>
   <div class='ocr_carea' id='block_1_3' title="bbox 64 1020 1230 1194">
    <p class='ocr_par' dir='ltr' id='par_1_3' title="bbox 64 1020 1230 1194">
     <span class='ocr_line' id='line_1_8' title="bbox 149 1020 1230 1106; baseline 0.011 -21"><span class='ocrx_word' id='word_1_53' title='bbox 149 1027 278 1104; x_wconf 73' lang='grc' dir='ltr'><strong><em>Προῖτος</em></strong></span> <span class='ocrx_word' id='word_1_54' title='bbox 289 1020 437 1106; x_wconf 68' lang='grc' dir='ltr'><strong><em>Βοηθός]</em></strong></span> <span class='ocrx_word' id='word_1_55' title='bbox 451 1027 679 1087; x_wconf 86' lang='lat' dir='ltr'><strong>Emendationea</strong></span> <span class='ocrx_word' id='word_1_56' title='bbox 694 1026 799 1089; x_wconf 79' lang='lat' dir='ltr'><strong>affixae</strong></span> <span class='ocrx_word' id='word_1_57' title='bbox 811 1029 898 1090; x_wconf 84' lang='lat' dir='ltr'><strong>debet</strong></span> <span class='ocrx_word' id='word_1_58' title='bbox 909 1028 984 1090; x_wconf 85' lang='lat' dir='ltr'><strong>haec</strong></span> <span class='ocrx_word' id='word_1_59' title='bbox 997 1030 1161 1096; x_wconf 84' lang='lat' dir='ltr'><strong>Euaabiana</strong></span> <span class='ocrx_word' id='word_1_60' title='bbox 1222 1051 1230 1070; x_wconf 82' lang='lat'><em>⁰</em></span> 
     </span>
     <span class='ocr_line' id='line_1_9' title="bbox 64 1107 900 1194; baseline 0.012 -29"><span class='ocrx_word' id='word_1_61' title='bbox 64 1107 229 1188; x_wconf 69' lang='lat' dir='ltr'><strong>Hyantia,</strong></span> <span class='ocrx_word' id='word_1_62' title='bbox 248 1111 351 1184; x_wconf 87' lang='lat' dir='ltr'><strong>alteri,</strong></span> <span class='ocrx_word' id='word_1_63' title='bbox 373 1131 449 1189; x_wconf 87' lang='lat' dir='ltr'><strong>quae</strong></span> <span class='ocrx_word' id='word_1_64' title='bbox 464 1111 598 1172; x_wconf 78' lang='lat' dir='ltr'><strong>Africani</strong></span> <span class='ocrx_word' id='word_1_65' title='bbox 610 1121 654 1171; x_wconf 87' lang='lat' dir='ltr'><strong>eat</strong></span> <span class='ocrx_word' id='word_1_66' title='bbox 668 1113 774 1194; x_wconf 84' lang='lat' dir='ltr'><strong>pagina</strong></span> <span class='ocrx_word' id='word_1_67' title='bbox 790 1135 851 1194; x_wconf 88' lang='lat' dir='ltr'><strong>aeq.</strong></span> <span class='ocrx_word' id='word_1_68' title='bbox 865 1115 900 1176; x_wconf 86' lang='lat' dir='ltr'><strong>l).</strong></span> 
     </span>
    </p>
   </div>
   <div class='ocr_carea' id='block_1_4' title="bbox 7 1203 1264 1378">
    <p class='ocr_par' dir='ltr' id='par_1_4' title="bbox 7 1203 1264 1378">
     <span class='ocr_line' id='line_1_10' title="bbox 149 1203 1264 1292; baseline 0.007 -20"><span class='ocrx_word' id='word_1_69' title='bbox 149 1207 239 1272; x_wconf 67' lang='grc' dir='ltr'><strong>Κατὰ</strong></span> <span class='ocrx_word' id='word_1_70' title='bbox 254 1203 450 1292; x_wconf 66' lang='lat' dir='ltr'><strong>doripetron]</strong></span> <span class='ocrx_word' id='word_1_71' title='bbox 468 1213 721 1276; x_wconf 80' lang='lat' dir='ltr'><strong>Bubastinurbem</strong></span> <span class='ocrx_word' id='word_1_72' title='bbox 736 1215 775 1276; x_wconf 90' lang='lat' dir='ltr'><strong>ad</strong></span> <span class='ocrx_word' id='word_1_73' title='bbox 788 1215 1039 1278; x_wconf 80' lang='lat' dir='ltr'><strong>Peluaiacunrllili</strong></span> <span class='ocrx_word' id='word_1_74' title='bbox 1051 1216 1159 1279; x_wconf 81' lang='lat' dir='ltr'><strong>octium</strong></span> <span class='ocrx_word' id='word_1_75' title='bbox 1261 1255 1264 1264; x_wconf 47' lang='grc' dir='ltr'>ι</span> 
     </span>
     <span class='ocr_line' id='line_1_11' title="bbox 7 1295 1005 1378; baseline 0.012 -27"><span class='ocrx_word' id='word_1_76' title='bbox 7 1307 9 1326; x_wconf 75' lang='lat'><em>³</em></span> <span class='ocrx_word' id='word_1_77' title='bbox 63 1305 210 1354; x_wconf 86' lang='lat' dir='ltr'><strong>memorat</strong></span> <span class='ocrx_word' id='word_1_78' title='bbox 223 1295 393 1356; x_wconf 85' lang='lat' dir='ltr'><strong>Herodotua</strong></span> <span class='ocrx_word' id='word_1_79' title='bbox 405 1295 439 1354; x_wconf 88' lang='lat' dir='ltr'><strong>in</strong></span> <span class='ocrx_word' id='word_1_80' title='bbox 455 1297 593 1378; x_wconf 87' lang='lat' dir='ltr'><strong>Euterpe.</strong></span> <span class='ocrx_word' id='word_1_81' title='bbox 1002 1317 1005 1326; x_wconf 82' lang='lat'>&#39;</span> 
     </span>
    </p>
   </div>
   <div class='ocr_carea' id='block_1_5' title="bbox 62 1391 1158 1560">
    <p class='ocr_par' dir='ltr' id='par_1_5' title="bbox 62 1391 1158 1560">
     <span class='ocr_line' id='line_1_12' title="bbox 148 1391 1158 1502; baseline 0.009 -44"><span class='ocrx_word' id='word_1_82' title='bbox 148 1395 213 1458; x_wconf 72' lang='grc' dir='ltr'><strong>Καὶ</strong></span> <span class='ocrx_word' id='word_1_83' title='bbox 232 1391 362 1480; x_wconf 78' lang='grc' dir='ltr'><strong><em>Μηνεῦς</em></strong></span> <span class='ocrx_word' id='word_1_84' title='bbox 383 1395 416 1462; x_wconf 78' lang='grc' dir='ltr'><strong>ἒν</strong></span> <span class='ocrx_word' id='word_1_85' title='bbox 438 1391 632 1502; x_wconf 58' lang='lat' dir='ltr'><strong>’lliovno&#39;lccfl</strong></span> <span class='ocrx_word' id='word_1_86' title='bbox 663 1399 741 1480; x_wconf 89' lang='lat' dir='ltr'><strong>Lego</strong></span> <span class='ocrx_word' id='word_1_87' title='bbox 770 1421 837 1464; x_wconf 90' lang='lat' dir='ltr'><strong>cum</strong></span> <span class='ocrx_word' id='word_1_88' title='bbox 861 1399 1008 1483; x_wconf 89' lang='lat' dir='ltr'><strong>Scaligero</strong></span> <span class='ocrx_word' id='word_1_89' title='bbox 1028 1403 1158 1488; x_wconf 80' lang='lat' dir='ltr'><strong>Excerp.</strong></span> 
     </span>
     <span class='ocr_line' id='line_1_13' title="bbox 62 1481 679 1560; baseline 0.003 -15"><span class='ocrx_word' id='word_1_90' title='bbox 62 1500 126 1560; x_wconf 65' lang='lat' dir='ltr'><strong>pag·</strong></span> <span class='ocrx_word' id='word_1_91' title='bbox 144 1483 217 1548; x_wconf 80' lang='lat'><strong>855.</strong></span> <span class='ocrx_word' id='word_1_92' title='bbox 232 1481 285 1545; x_wconf 78' lang='lat' dir='ltr'><strong>nori</strong></span> <span class='ocrx_word' id='word_1_93' title='bbox 299 1485 420 1558; x_wconf 78' lang='grc' dir='ltr'><strong><em>Μνεῦις</em></strong></span> <span class='ocrx_word' id='word_1_94' title='bbox 434 1481 466 1546; x_wconf 79' lang='grc' dir='ltr'><strong>ἐν</strong></span> <span class='ocrx_word' id='word_1_95' title='bbox 480 1481 679 1548; x_wconf 75' lang='grc' dir='ltr'><strong>Ἡλιουπολει.</strong></span> 
     </span>
    </p>
   </div>
   <div class='ocr_carea' id='block_1_6' title="bbox 62 1578 1157 1753">
    <p class='ocr_par' dir='ltr' id='par_1_6' title="bbox 62 1578 1157 1753">
     <span class='ocr_line' id='line_1_14' title="bbox 148 1578 1157 1672; baseline 0.015 -32"><span class='ocrx_word' id='word_1_96' title='bbox 148 1582 218 1660; x_wconf 77' lang='lat' dir='ltr'><strong>Peg.</strong></span> <span class='ocrx_word' id='word_1_97' title='bbox 240 1584 291 1650; x_wconf 81' lang='lat'><strong>56.</strong></span> <span class='ocrx_word' id='word_1_98' title='bbox 324 1578 411 1646; x_wconf 75' lang='lat' dir='ltr'><strong>ilerd</strong></span> <span class='ocrx_word' id='word_1_99' title='bbox 429 1579 485 1664; x_wconf 73' lang='lat' dir='ltr'><strong>cciv</strong></span> <span class='ocrx_word' id='word_1_100' title='bbox 497 1584 637 1668; x_wconf 76' lang='grc' dir='ltr'><strong>δευτέραν</strong></span> <span class='ocrx_word' id='word_1_101' title='bbox 654 1585 772 1650; x_wconf 71' lang='grc' dir='ltr'><strong>ἔκδοσιν</strong></span> <span class='ocrx_word' id='word_1_102' title='bbox 786 1579 992 1672; x_wconf 73' lang='grc' dir='ltr'><strong>Ἅφρικανοῦ.]</strong></span> <span class='ocrx_word' id='word_1_103' title='bbox 1012 1585 1064 1666; x_wconf 79' lang='lat' dir='ltr'><strong>ri,</strong></span> <span class='ocrx_word' id='word_1_104' title='bbox 1085 1591 1157 1654; x_wconf 83' lang='lat' dir='ltr'><strong>deo-</strong></span> 
     </span>
     <span class='ocr_line' id='line_1_15' title="bbox 62 1663 1154 1753; baseline 0.01 -27"><span class='ocrx_word' id='word_1_105' title='bbox 62 1663 152 1747; x_wconf 80' lang='lat' dir='ltr'><strong>riper</strong></span> <span class='ocrx_word' id='word_1_106' title='bbox 167 1667 241 1726; x_wconf 90' lang='lat' dir='ltr'><strong>mibi</strong></span> <span class='ocrx_word' id='word_1_107' title='bbox 258 1667 425 1730; x_wconf 78' lang='lat' dir='ltr'><strong>redundat:</strong></span> <span class='ocrx_word' id='word_1_108' title='bbox 447 1679 515 1730; x_wconf 88' lang='lat' dir='ltr'><strong>ante</strong></span> <span class='ocrx_word' id='word_1_109' title='bbox 538 1670 698 1730; x_wconf 85' lang='lat' dir='ltr'><strong>Euacbium</strong></span> <span class='ocrx_word' id='word_1_110' title='bbox 717 1671 829 1752; x_wconf 90' lang='lat' dir='ltr'><strong>quippe</strong></span> <span class='ocrx_word' id='word_1_111' title='bbox 844 1671 969 1753; x_wconf 89' lang='lat' dir='ltr'><strong>acripait</strong></span> <span class='ocrx_word' id='word_1_112' title='bbox 985 1673 1154 1739; x_wconf 76' lang='lat' dir='ltr'><strong>Africanua.</strong></span> 
     </span>
    </p>
   </div>
   <div class='ocr_carea' id='block_1_7' title="bbox 60 1751 1249 4490">
    <p class='ocr_par' dir='ltr' id='par_1_7' title="bbox 61 1751 1156 1922">
     <span class='ocr_line' id='line_1_16' title="bbox 62 1751 1156 1836; baseline 0.01 -26"><span class='ocrx_word' id='word_1_113' title='bbox 62 1751 201 1810; x_wconf 72' lang='lat' dir='ltr'><strong>Africani</strong></span> <span class='ocrx_word' id='word_1_114' title='bbox 222 1754 353 1831; x_wconf 88' lang='lat' dir='ltr'><strong>mentio,</strong></span> <span class='ocrx_word' id='word_1_115' title='bbox 381 1763 411 1814; x_wconf 90' lang='lat' dir='ltr'><strong>ct</strong></span> <span class='ocrx_word' id='word_1_116' title='bbox 433 1775 625 1816; x_wconf 86' lang='lat' dir='ltr'><strong>numerorum</strong></span> <span class='ocrx_word' id='word_1_117' title='bbox 649 1757 810 1816; x_wconf 84' lang='lat' dir='ltr'><strong>concordia</strong></span> <span class='ocrx_word' id='word_1_118' title='bbox 832 1757 1004 1836; x_wconf 82' lang='lat' dir='ltr'><strong>Dynactiam</strong></span> <span class='ocrx_word' id='word_1_119' title='bbox 1020 1757 1100 1820; x_wconf 87' lang='lat' dir='ltr'><strong>hanc</strong></span> <span class='ocrx_word' id='word_1_120' title='bbox 1119 1761 1156 1822; x_wconf 75' lang='lat' dir='ltr'><strong>eb</strong></span> 
     </span>
     <span class='ocr_line' id='line_1_17' title="bbox 61 1836 1095 1922; baseline 0.012 -28"><span class='ocrx_word' id='word_1_121' title='bbox 61 1836 209 1896; x_wconf 74' lang='lat' dir='ltr'><strong>Africano</strong></span> <span class='ocrx_word' id='word_1_122' title='bbox 227 1839 371 1919; x_wconf 86' lang='lat' dir='ltr'><strong>acriptam</strong></span> <span class='ocrx_word' id='word_1_123' title='bbox 385 1847 415 1898; x_wconf 87' lang='lat' dir='ltr'><strong>et</strong></span> <span class='ocrx_word' id='word_1_124' title='bbox 429 1839 523 1919; x_wconf 83' lang='lat' dir='ltr'><strong>priori</strong></span> <span class='ocrx_word' id='word_1_125' title='bbox 540 1859 607 1920; x_wconf 92' lang='lat' dir='ltr'><strong>pag.</strong></span> <span class='ocrx_word' id='word_1_126' title='bbox 620 1841 671 1908; x_wconf 80' lang='lat'><strong>54.</strong></span> <span class='ocrx_word' id='word_1_127' title='bbox 683 1841 887 1922; x_wconf 76' lang='lat' dir='ltr'><strong>reperiendam</strong></span> <span class='ocrx_word' id='word_1_128' title='bbox 903 1843 1095 1906; x_wconf 85' lang='lat' dir='ltr'><strong>convincunt.</strong></span> 
     </span>
    </p>

    <p class='ocr_par' dir='ltr' id='par_1_8' title="bbox 60 1935 1159 2468">
     <span class='ocr_line' id='line_1_18' title="bbox 151 1935 1159 2026; baseline 0.001 -21"><span class='ocrx_word' id='word_1_129' title='bbox 151 1939 222 2016; x_wconf 72' lang='lat' dir='ltr'><strong>Peg·</strong></span> <span class='ocrx_word' id='word_1_130' title='bbox 241 1941 290 2005; x_wconf 81' lang='lat'><strong>57·</strong></span> <span class='ocrx_word' id='word_1_131' title='bbox 316 1935 403 2002; x_wconf 74' lang='grc' dir='ltr'><strong>Μεθ’</strong></span> <span class='ocrx_word' id='word_1_132' title='bbox 416 1935 452 2002; x_wconf 78' lang='lat' dir='ltr'><strong>tv</strong></span> <span class='ocrx_word' id='word_1_133' title='bbox 466 1939 635 2021; x_wconf 60' lang='lat' dir='ltr'><strong>timete]</strong></span> <span class='ocrx_word' id='word_1_134' title='bbox 657 1942 794 2016; x_wconf 83' lang='lat' dir='ltr'><strong>Qualiter</strong></span> <span class='ocrx_word' id='word_1_135' title='bbox 807 1952 909 2004; x_wconf 75' lang='lat' dir='ltr'><strong>tutuo</strong></span> <span class='ocrx_word' id='word_1_136' title='bbox 924 1943 998 2005; x_wconf 92' lang='lat' dir='ltr'><strong>ordo</strong></span> <span class='ocrx_word' id='word_1_137' title='bbox 1013 1965 1159 2026; x_wconf 85' lang='lat' dir='ltr'><strong>reparan-</strong></span> 
     </span>
     <span class='ocr_line' id='line_1_19' title="bbox 60 2021 1157 2109; baseline 0.01 -29"><span class='ocrx_word' id='word_1_138' title='bbox 60 2021 136 2099; x_wconf 79' lang='lat' dir='ltr'><strong>dur,</strong></span> <span class='ocrx_word' id='word_1_139' title='bbox 154 2032 186 2080; x_wconf 86' lang='lat' dir='ltr'><strong>ct</strong></span> <span class='ocrx_word' id='word_1_140' title='bbox 200 2023 304 2100; x_wconf 82' lang='lat' dir='ltr'><strong>quibua</strong></span> <span class='ocrx_word' id='word_1_141' title='bbox 318 2023 394 2084; x_wconf 89' lang='lat' dir='ltr'><strong>haec</strong></span> <span class='ocrx_word' id='word_1_142' title='bbox 405 2025 592 2104; x_wconf 85' lang='lat' dir='ltr'><strong>adiungenda</strong></span> <span class='ocrx_word' id='word_1_143' title='bbox 608 2029 717 2087; x_wconf 86' lang='lat' dir='ltr'><strong>docent</strong></span> <span class='ocrx_word' id='word_1_144' title='bbox 728 2037 816 2088; x_wconf 88' lang='lat' dir='ltr'><strong>notae</strong></span> <span class='ocrx_word' id='word_1_145' title='bbox 830 2029 869 2088; x_wconf 92' lang='lat' dir='ltr'><strong>ad</strong></span> <span class='ocrx_word' id='word_1_146' title='bbox 882 2028 981 2109; x_wconf 90' lang='lat' dir='ltr'><strong>pagin.</strong></span> <span class='ocrx_word' id='word_1_147' title='bbox 997 2030 1048 2096; x_wconf 76' lang='lat'><strong>54.</strong></span> <span class='ocrx_word' id='word_1_148' title='bbox 1069 2031 1157 2109; x_wconf 85' lang='lat' dir='ltr'><strong>Regia</strong></span> 
     </span>
     <span class='ocr_line' id='line_1_20' title="bbox 60 2107 1156 2194; baseline 0.011 -30"><span class='ocrx_word' id='word_1_149' title='bbox 60 2127 163 2186; x_wconf 88' lang='lat' dir='ltr'><strong>porro</strong></span> <span class='ocrx_word' id='word_1_150' title='bbox 185 2108 255 2169; x_wconf 84' lang='lat' dir='ltr'><strong>nori</strong></span> <span class='ocrx_word' id='word_1_151' title='bbox 273 2107 306 2168; x_wconf 88' lang='lat' dir='ltr'><strong>in</strong></span> <span class='ocrx_word' id='word_1_152' title='bbox 327 2110 435 2170; x_wconf 81' lang='lat' dir='ltr'><strong>lacaena</strong></span> <span class='ocrx_word' id='word_1_153' title='bbox 456 2109 655 2172; x_wconf 80' lang='lat' dir='ltr'><strong>decideratum</strong></span> <span class='ocrx_word' id='word_1_154' title='bbox 677 2133 786 2177; x_wconf 87' lang='lat' dir='ltr'><strong>nomen</strong></span> <span class='ocrx_word' id='word_1_155' title='bbox 808 2133 846 2172; x_wconf 77' lang='lat' dir='ltr'><strong>ex</strong></span> <span class='ocrx_word' id='word_1_156' title='bbox 867 2113 962 2192; x_wconf 85' lang='lat' dir='ltr'><strong>priori</strong></span> <span class='ocrx_word' id='word_1_157' title='bbox 973 2134 1040 2194; x_wconf 88' lang='lat' dir='ltr'><strong>pag.</strong></span> <span class='ocrx_word' id='word_1_158' title='bbox 1054 2116 1105 2182; x_wconf 87' lang='grc'><strong>66.</strong></span> <span class='ocrx_word' id='word_1_159' title='bbox 1119 2116 1156 2176; x_wconf 80' lang='grc' dir='ltr'><strong>Δ.</strong></span> 
     </span>
     <span class='ocr_line' id='line_1_21' title="bbox 60 2189 1156 2277; baseline 0.01 -28"><span class='ocrx_word' id='word_1_160' title='bbox 60 2189 202 2255; x_wconf 77' lang='lat' dir='ltr'><strong>liabetur.</strong></span> <span class='ocrx_word' id='word_1_161' title='bbox 246 2191 378 2276; x_wconf 71' lang='lat' dir='ltr'><strong>Xcvipqr</strong></span> <span class='ocrx_word' id='word_1_162' title='bbox 392 2194 442 2275; x_wconf 71' lang='lat' dir='ltr'><strong>leq</strong></span> <span class='ocrx_word' id='word_1_163' title='bbox 455 2189 488 2258; x_wconf 85' lang='lat' dir='ltr'><strong>l&#39;.</strong></span> <span class='ocrx_word' id='word_1_164' title='bbox 529 2197 639 2273; x_wconf 80' lang='lat' dir='ltr'><strong>Regem</strong></span> <span class='ocrx_word' id='word_1_165' title='bbox 652 2195 735 2258; x_wconf 86' lang='lat' dir='ltr'><strong>hunc</strong></span> <span class='ocrx_word' id='word_1_166' title='bbox 747 2197 905 2277; x_wconf 83' lang='lat' dir='ltr'><strong>Dyneatiae</strong></span> <span class='ocrx_word' id='word_1_167' title='bbox 918 2198 949 2264; x_wconf 81' lang='lat'><strong>4.</strong></span> <span class='ocrx_word' id='word_1_168' title='bbox 964 2199 1156 2260; x_wconf 80' lang='lat' dir='ltr'><strong>Africanaeae</strong></span> 
     </span>
     <span class='ocr_line' id='line_1_22' title="bbox 63 2277 1156 2368; baseline 0.013 -34"><span class='ocrx_word' id='word_1_169' title='bbox 63 2277 169 2352; x_wconf 82' lang='lat' dir='ltr'><strong>(cuiue</strong></span> <span class='ocrx_word' id='word_1_170' title='bbox 190 2297 273 2356; x_wconf 86' lang='lat' dir='ltr'><strong>rcgca</strong></span> <span class='ocrx_word' id='word_1_171' title='bbox 292 2289 361 2340; x_wconf 89' lang='lat' dir='ltr'><strong>octo</strong></span> <span class='ocrx_word' id='word_1_172' title='bbox 383 2281 463 2340; x_wconf 84' lang='lat' dir='ltr'><strong>acloa</strong></span> <span class='ocrx_word' id='word_1_173' title='bbox 483 2279 605 2362; x_wconf 88' lang='lat' dir='ltr'><strong>aeaerit)</strong></span> <span class='ocrx_word' id='word_1_174' title='bbox 632 2301 744 2342; x_wconf 88' lang='lat' dir='ltr'><strong>nonum</strong></span> <span class='ocrx_word' id='word_1_175' title='bbox 771 2284 857 2344; x_wconf 83' lang='lat' dir='ltr'><strong>addit</strong></span> <span class='ocrx_word' id='word_1_176' title='bbox 875 2283 1007 2364; x_wconf 79' lang='lat' dir='ltr'><strong>Scaliger</strong></span> <span class='ocrx_word' id='word_1_177' title='bbox 1029 2284 1156 2368; x_wconf 78' lang='lat' dir='ltr'><strong>Excerp.</strong></span> 
     </span>
     <span class='ocr_line' id='line_1_23' title="bbox 61 2363 670 2468; baseline 0.011 -48"><span class='ocrx_word' id='word_1_178' title='bbox 61 2381 127 2440; x_wconf 86' lang='lat' dir='ltr'><strong>pag.</strong></span> <span class='ocrx_word' id='word_1_179' title='bbox 141 2363 215 2430; x_wconf 84' lang='lat'><strong>355.</strong></span> <span class='ocrx_word' id='word_1_180' title='bbox 230 2383 360 2424; x_wconf 86' lang='lat' dir='ltr'><strong>errorem</strong></span> <span class='ocrx_word' id='word_1_181' title='bbox 373 2385 390 2424; x_wconf 90' lang='lat' dir='ltr'><strong>a</strong></span> <span class='ocrx_word' id='word_1_182' title='bbox 405 2364 540 2424; x_wconf 89' lang='lat' dir='ltr'><strong>Librario</strong></span> <span class='ocrx_word' id='word_1_183' title='bbox 554 2385 670 2468; x_wconf 78' lang='lat' dir='ltr'><strong>paeana.</strong></span> 
     </span>
    </p>

    <p class='ocr_par' dir='ltr' id='par_1_9' title="bbox 63 2443 1226 2704">
     <span class='ocr_line' id='line_1_24' title="bbox 144 2443 1226 2531; baseline 0.005 -21"><span class='ocrx_word' id='word_1_184' title='bbox 144 2443 240 2529; x_wconf 68' lang='grc' dir='ltr'><em>Ἱερὰν</em></span> <span class='ocrx_word' id='word_1_185' title='bbox 259 2449 394 2530; x_wconf 61' lang='lat' dir='ltr'><strong>diplom]</strong></span> <span class='ocrx_word' id='word_1_186' title='bbox 420 2445 505 2530; x_wconf 72' lang='grc' dir='ltr'><strong><em>Ἱερὸν</em></strong></span> <span class='ocrx_word' id='word_1_187' title='bbox 529 2455 617 2531; x_wconf 75' lang='lat' dir='ltr'><strong>loyor</strong></span> <span class='ocrx_word' id='word_1_188' title='bbox 644 2451 749 2510; x_wconf 81' lang='lat' dir='ltr'><strong>acribit</strong></span> <span class='ocrx_word' id='word_1_189' title='bbox 768 2449 820 2512; x_wconf 88' lang='lat' dir='ltr'><strong>hic</strong></span> <span class='ocrx_word' id='word_1_190' title='bbox 843 2451 974 2530; x_wconf 78' lang='lat' dir='ltr'><strong>Scaliger</strong></span> <span class='ocrx_word' id='word_1_191' title='bbox 996 2449 1155 2516; x_wconf 76' lang='lat' dir='ltr'><strong>Animadr.</strong></span> <span class='ocrx_word' id='word_1_192' title='bbox 1222 2492 1226 2500; x_wconf 93' lang='lat'><em>·</em></span> 
     </span>
     <span class='ocr_line' id='line_1_25' title="bbox 63 2533 1156 2614; baseline 0.005 -24"><span class='ocrx_word' id='word_1_193' title='bbox 63 2551 132 2611; x_wconf 86' lang='lat' dir='ltr'><strong>pag.</strong></span> <span class='ocrx_word' id='word_1_194' title='bbox 147 2535 222 2600; x_wconf 78' lang='lat'><strong>251.</strong></span> <span class='ocrx_word' id='word_1_195' title='bbox 238 2533 409 2598; x_wconf 79' lang='lat' dir='ltr'><strong>Hermetem</strong></span> <span class='ocrx_word' id='word_1_196' title='bbox 422 2533 584 2614; x_wconf 86' lang='lat' dir='ltr'><strong>acripaiaae.</strong></span> <span class='ocrx_word' id='word_1_197' title='bbox 626 2533 744 2613; x_wconf 85' lang='lat' dir='ltr'><strong>Ecquid</strong></span> <span class='ocrx_word' id='word_1_198' title='bbox 762 2553 800 2594; x_wconf 81' lang='lat' dir='ltr'><strong>ex</strong></span> <span class='ocrx_word' id='word_1_199' title='bbox 813 2533 909 2594; x_wconf 80' lang='lat' dir='ltr'><strong>lilerio</strong></span> <span class='ocrx_word' id='word_1_200' title='bbox 922 2536 1060 2614; x_wconf 80' lang='lat' dir='ltr'><strong>plurimis</strong></span> <span class='ocrx_word' id='word_1_201' title='bbox 1073 2537 1156 2596; x_wconf 86' lang='lat' dir='ltr'><strong>inca·</strong></span> 
     </span>
     <span class='ocr_line' id='line_1_26' title="bbox 64 2613 1071 2704; baseline 0.004 -30"><span class='ocrx_word' id='word_1_202' title='bbox 64 2617 130 2692; x_wconf 85' lang='lat' dir='ltr'><strong>nit,</strong></span> <span class='ocrx_word' id='word_1_203' title='bbox 149 2627 179 2676; x_wconf 93' lang='lat' dir='ltr'><strong>et</strong></span> <span class='ocrx_word' id='word_1_204' title='bbox 190 2639 208 2676; x_wconf 93' lang='lat' dir='ltr'><strong>a</strong></span> <span class='ocrx_word' id='word_1_205' title='bbox 224 2617 333 2698; x_wconf 89' lang='lat' dir='ltr'><strong>Suplria</strong></span> <span class='ocrx_word' id='word_1_206' title='bbox 347 2619 414 2704; x_wconf 75' lang='grc' dir='ltr'><strong>ἱερᾷ</strong></span> <span class='ocrx_word' id='word_1_207' title='bbox 430 2621 524 2702; x_wconf 68' lang='grc' dir='ltr'><strong><em>βίβλῳ</em></strong></span> <span class='ocrx_word' id='word_1_208' title='bbox 537 2621 575 2678; x_wconf 91' lang='lat' dir='ltr'><strong>ad</strong></span> <span class='ocrx_word' id='word_1_209' title='bbox 585 2618 734 2678; x_wconf 84' lang='lat' dir='ltr'><strong>Hermetia</strong></span> <span class='ocrx_word' id='word_1_210' title='bbox 750 2615 829 2701; x_wconf 69' lang='grc' dir='ltr'><em>ἱερὸν</em></span> <span class='ocrx_word' id='word_1_211' title='bbox 842 2613 928 2700; x_wconf 71' lang='grc' dir='ltr'><strong><em>λόγον</em></strong></span> <span class='ocrx_word' id='word_1_212' title='bbox 942 2619 1071 2696; x_wconf 78' lang='lat' dir='ltr'><strong>migrati</strong></span> 
     </span>
    </p>

    <p class='ocr_par' dir='ltr' id='par_1_10' title="bbox 62 2696 1157 3380">
     <span class='ocr_line' id='line_1_27' title="bbox 140 2696 1156 2786; baseline -0.003 -22"><span class='ocrx_word' id='word_1_213' title='bbox 140 2696 200 2762; x_wconf 83' lang='grc' dir='ltr'><strong>Ἦν</strong></span> <span class='ocrx_word' id='word_1_214' title='bbox 215 2700 257 2774; x_wconf 73' lang='lat' dir='ltr'><strong>oie</strong></span> <span class='ocrx_word' id='word_1_215' title='bbox 270 2701 345 2784; x_wconf 67' lang='lat' dir='ltr'><strong>glyc</strong></span> <span class='ocrx_word' id='word_1_216' title='bbox 355 2707 454 2784; x_wconf 71' lang='grc' dir='ltr'><strong><em>χρῆμα</em></strong></span> <span class='ocrx_word' id='word_1_217' title='bbox 463 2699 625 2786; x_wconf 75' lang='lat' dir='ltr'><strong>Alyaierrcoa</strong></span> <span class='ocrx_word' id='word_1_218' title='bbox 638 2701 837 2786; x_wconf 67' lang='lat' dir='ltr'><strong>acquinoctio]</strong></span> <span class='ocrx_word' id='word_1_219' title='bbox 852 2702 942 2776; x_wconf 89' lang='lat' dir='ltr'><strong>Quod</strong></span> <span class='ocrx_word' id='word_1_220' title='bbox 956 2701 1068 2762; x_wconf 86' lang='lat' dir='ltr'><strong>librum</strong></span> <span class='ocrx_word' id='word_1_221' title='bbox 1082 2723 1156 2783; x_wconf 91' lang='lat' dir='ltr'><strong>poa-</strong></span> 
     </span>
     <span class='ocr_line' id='line_1_28' title="bbox 63 2783 1157 2868; baseline 0.004 -24"><span class='ocrx_word' id='word_1_222' title='bbox 63 2783 173 2846; x_wconf 85' lang='lat' dir='ltr'><strong>aediaao</strong></span> <span class='ocrx_word' id='word_1_223' title='bbox 190 2787 318 2865; x_wconf 86' lang='lat' dir='ltr'><strong>gaudeat</strong></span> <span class='ocrx_word' id='word_1_224' title='bbox 332 2787 489 2848; x_wconf 79' lang='lat' dir='ltr'><strong>Airiconua</strong></span> <span class='ocrx_word' id='word_1_225' title='bbox 505 2809 570 2868; x_wconf 88' lang='lat' dir='ltr'><strong>pag.</strong></span> <span class='ocrx_word' id='word_1_226' title='bbox 591 2788 786 2868; x_wconf 80' lang='lat' dir='ltr'><strong>praecedente</strong></span> <span class='ocrx_word' id='word_1_227' title='bbox 806 2787 973 2852; x_wconf 69' lang='lat' dir='ltr'><strong>Emebim</strong></span> <span class='ocrx_word' id='word_1_228' title='bbox 989 2787 1157 2866; x_wconf 86' lang='lat' dir='ltr'><strong>praeacuti-</strong></span> 
     </span>
     <span class='ocr_line' id='line_1_29' title="bbox 62 2867 1156 2952; baseline 0.002 -22"><span class='ocrx_word' id='word_1_229' title='bbox 62 2867 117 2930; x_wconf 84' lang='lat' dir='ltr'><strong>bua</strong></span> <span class='ocrx_word' id='word_1_230' title='bbox 138 2871 240 2931; x_wconf 80' lang='lat' dir='ltr'><strong>verbio</strong></span> <span class='ocrx_word' id='word_1_231' title='bbox 256 2873 424 2932; x_wconf 81' lang='lat' dir='ltr'><strong>colemniter</strong></span> <span class='ocrx_word' id='word_1_232' title='bbox 436 2873 677 2934; x_wconf 77' lang='lat' dir='ltr'><strong>hallucinantem</strong></span> <span class='ocrx_word' id='word_1_233' title='bbox 690 2872 795 2934; x_wconf 83' lang='lat' dir='ltr'><strong>aaaarit</strong></span> <span class='ocrx_word' id='word_1_234' title='bbox 810 2872 940 2952; x_wconf 84' lang='lat' dir='ltr'><strong>Scaliger</strong></span> <span class='ocrx_word' id='word_1_235' title='bbox 959 2871 1082 2948; x_wconf 70' lang='lat' dir='ltr'><strong>entus,</strong></span> <span class='ocrx_word' id='word_1_236' title='bbox 1104 2873 1156 2951; x_wconf 91' lang='lat' dir='ltr'><strong>qui</strong></span> 
     </span>
     <span class='ocr_line' id='line_1_30' title="bbox 65 2954 1157 3039; baseline 0.006 -28"><span class='ocrx_word' id='word_1_237' title='bbox 65 2954 175 3016; x_wconf 87' lang='lat' dir='ltr'><strong>librum</strong></span> <span class='ocrx_word' id='word_1_238' title='bbox 201 2957 235 3016; x_wconf 88' lang='lat' dir='ltr'><strong>in</strong></span> <span class='ocrx_word' id='word_1_239' title='bbox 261 2957 359 3037; x_wconf 90' lang='lat' dir='ltr'><strong>pretio</strong></span> <span class='ocrx_word' id='word_1_240' title='bbox 387 2959 467 3038; x_wconf 91' lang='lat' dir='ltr'><strong>apud</strong></span> <span class='ocrx_word' id='word_1_241' title='bbox 489 2959 649 3039; x_wconf 75' lang='lat' dir='ltr'><strong>Aegyption</strong></span> <span class='ocrx_word' id='word_1_242' title='bbox 673 2977 734 3020; x_wconf 77' lang='lat' dir='ltr'><strong>eoae</strong></span> <span class='ocrx_word' id='word_1_243' title='bbox 757 2958 877 3018; x_wconf 82' lang='lat' dir='ltr'><strong>acribit:</strong></span> <span class='ocrx_word' id='word_1_244' title='bbox 914 2955 998 3036; x_wconf 89' lang='lat' dir='ltr'><strong>quaai</strong></span> <span class='ocrx_word' id='word_1_245' title='bbox 1014 2955 1157 3018; x_wconf 82' lang='lat' dir='ltr'><strong>videlicet</strong></span> 
     </span>
     <span class='ocr_line' id='line_1_31' title="bbox 65 3039 1156 3124; baseline 0.004 -26"><span class='ocrx_word' id='word_1_246' title='bbox 65 3039 183 3100; x_wconf 86' lang='lat' dir='ltr'><strong>Euaebii</strong></span> <span class='ocrx_word' id='word_1_247' title='bbox 196 3041 359 3102; x_wconf 73' lang='lat' dir='ltr'><strong>tententiae</strong></span> <span class='ocrx_word' id='word_1_248' title='bbox 370 3043 539 3104; x_wconf 73' lang='lat' dir='ltr'><strong>Africanaai</strong></span> <span class='ocrx_word' id='word_1_249' title='bbox 553 3043 626 3106; x_wconf 86' lang='lat' dir='ltr'><strong>dicti</strong></span> <span class='ocrx_word' id='word_1_250' title='bbox 634 3065 772 3124; x_wconf 85' lang='lat' dir='ltr'><strong>perveraa</strong></span> <span class='ocrx_word' id='word_1_251' title='bbox 784 3043 824 3104; x_wconf 87' lang='lat' dir='ltr'><strong>ait</strong></span> <span class='ocrx_word' id='word_1_252' title='bbox 838 3041 1040 3121; x_wconf 84' lang='lat' dir='ltr'><strong>cenaequutio.</strong></span> <span class='ocrx_word' id='word_1_253' title='bbox 1062 3042 1156 3102; x_wconf 85' lang='lat' dir='ltr'><strong>Num-</strong></span> 
     </span>
     <span class='ocr_line' id='line_1_32' title="bbox 65 3125 1156 3208; baseline 0.004 -24"><span class='ocrx_word' id='word_1_254' title='bbox 65 3125 137 3202; x_wconf 83' lang='lat' dir='ltr'><strong>quid</strong></span> <span class='ocrx_word' id='word_1_255' title='bbox 154 3127 292 3186; x_wconf 81' lang='lat' dir='ltr'><strong>Alricani</strong></span> <span class='ocrx_word' id='word_1_256' title='bbox 315 3137 346 3186; x_wconf 88' lang='lat' dir='ltr'><strong>et</strong></span> <span class='ocrx_word' id='word_1_257' title='bbox 362 3127 578 3190; x_wconf 84' lang='lat' dir='ltr'><strong>Euaebii&#39;adeo</strong></span> <span class='ocrx_word' id='word_1_258' title='bbox 600 3129 702 3190; x_wconf 88' lang='lat' dir='ltr'><strong>diaaita</strong></span> <span class='ocrx_word' id='word_1_259' title='bbox 722 3138 873 3208; x_wconf 85' lang='lat' dir='ltr'><strong>tempora,</strong></span> <span class='ocrx_word' id='word_1_260' title='bbox 895 3136 1029 3205; x_wconf 88' lang='lat' dir='ltr'><strong>utquam</strong></span> <span class='ocrx_word' id='word_1_261' title='bbox 1050 3125 1156 3188; x_wconf 86' lang='lat' dir='ltr'><strong>habuit</strong></span> 
     </span>
     <span class='ocr_line' id='line_1_33' title="bbox 63 3209 1155 3294; baseline 0.003 -26"><span class='ocrx_word' id='word_1_262' title='bbox 63 3209 227 3272; x_wconf 75' lang='lat' dir='ltr'><strong>Africanus</strong></span> <span class='ocrx_word' id='word_1_263' title='bbox 247 3211 378 3288; x_wconf 87' lang='lat' dir='ltr'><strong>librum,</strong></span> <span class='ocrx_word' id='word_1_264' title='bbox 399 3213 541 3276; x_wconf 82' lang='lat' dir='ltr'><strong>Euaebiua</strong></span> <span class='ocrx_word' id='word_1_265' title='bbox 561 3213 717 3294; x_wconf 74' lang='lat' dir='ltr'><strong>Acgyptiia</strong></span> <span class='ocrx_word' id='word_1_266' title='bbox 732 3213 1086 3293; x_wconf 86' lang='lat' dir='ltr'><strong>charumettempeatate</strong></span> <span class='ocrx_word' id='word_1_267' title='bbox 1102 3232 1155 3272; x_wconf 85' lang='lat' dir='ltr'><strong>auo</strong></span> 
     </span>
     <span class='ocr_line' id='line_1_34' title="bbox 63 3293 697 3380; baseline 0.006 -26"><span class='ocrx_word' id='word_1_268' title='bbox 63 3293 164 3356; x_wconf 86' lang='lat' dir='ltr'><strong>adhuc</strong></span> <span class='ocrx_word' id='word_1_269' title='bbox 179 3305 330 3356; x_wconf 84' lang='lat' dir='ltr'><strong>extantem</strong></span> <span class='ocrx_word' id='word_1_270' title='bbox 343 3295 456 3358; x_wconf 78' lang='lat' dir='ltr'><strong>ridicae</strong></span> <span class='ocrx_word' id='word_1_271' title='bbox 467 3320 529 3360; x_wconf 89' lang='lat' dir='ltr'><strong>non</strong></span> <span class='ocrx_word' id='word_1_272' title='bbox 541 3298 697 3380; x_wconf 69' lang='lat' dir='ltr'><strong>potuerit?</strong></span> 
     </span>
    </p>

    <p class='ocr_par' dir='ltr' id='par_1_11' title="bbox 64 3373 1249 4408">
     <span class='ocr_line' id='line_1_35' title="bbox 147 3373 1249 3466; baseline -0.007 -20"><span class='ocrx_word' id='word_1_273' title='bbox 147 3383 217 3460; x_wconf 70' lang='lat' dir='ltr'><strong>Peg.</strong></span> <span class='ocrx_word' id='word_1_274' title='bbox 240 3385 290 3446; x_wconf 82' lang='lat'><strong>58.</strong></span> <span class='ocrx_word' id='word_1_275' title='bbox 311 3379 468 3464; x_wconf 73' lang='lat' dir='ltr'><strong>Pcdoupir</strong></span> <span class='ocrx_word' id='word_1_276' title='bbox 483 3383 531 3464; x_wconf 69' lang='grc' dir='ltr'><strong>ἔτη</strong></span> <span class='ocrx_word' id='word_1_277' title='bbox 545 3379 615 3466; x_wconf 60' lang='lat' dir='ltr'><strong>pet]</strong></span> <span class='ocrx_word' id='word_1_278' title='bbox 642 3383 773 3461; x_wconf 87' lang='lat' dir='ltr'><strong>Scaliger</strong></span> <span class='ocrx_word' id='word_1_279' title='bbox 787 3381 991 3444; x_wconf 69' lang='lat' dir='ltr'><strong>ducenum</strong></span> <span class='ocrx_word' id='word_1_280' title='bbox 1004 3373 1040 3444; x_wconf 80' lang='grc' dir='ltr'><strong>α’.</strong></span> <span class='ocrx_word' id='word_1_281' title='bbox 1063 3389 1094 3441; x_wconf 90' lang='lat' dir='ltr'><strong>et</strong></span> <span class='ocrx_word' id='word_1_282' title='bbox 1114 3373 1150 3443; x_wconf 75' lang='grc' dir='ltr'><strong>δ’.</strong></span> <span class='ocrx_word' id='word_1_283' title='bbox 1168 3375 1199 3433; x_wconf 79' lang='lat' dir='ltr'><strong>P·</strong></span> <span class='ocrx_word' id='word_1_284' title='bbox 1214 3380 1249 3438; x_wconf 82' lang='lat'><strong>21</strong></span> 
     </span>
     <span class='ocr_line' id='line_1_36' title="bbox 64 3462 1155 3550; baseline 0.001 -26"><span class='ocrx_word' id='word_1_285' title='bbox 64 3465 263 3526; x_wconf 71' lang='lat' dir='ltr'><strong>similitudine</strong></span> <span class='ocrx_word' id='word_1_286' title='bbox 278 3465 419 3546; x_wconf 88' lang='lat' dir='ltr'><strong>deceptua</strong></span> <span class='ocrx_word' id='word_1_287' title='bbox 435 3462 493 3548; x_wconf 83' lang='grc' dir='ltr'><strong>μα’.</strong></span> <span class='ocrx_word' id='word_1_288' title='bbox 505 3469 572 3528; x_wconf 87' lang='lat' dir='ltr'><strong>vica</strong></span> <span class='ocrx_word' id='word_1_289' title='bbox 584 3463 640 3550; x_wconf 70' lang='lat' dir='ltr'><strong>pi‘.</strong></span> <span class='ocrx_word' id='word_1_290' title='bbox 656 3469 758 3530; x_wconf 90' lang='lat' dir='ltr'><strong>reddit</strong></span> <span class='ocrx_word' id='word_1_291' title='bbox 768 3468 895 3547; x_wconf 82' lang='lat' dir='ltr'><strong>Excerp.</strong></span> <span class='ocrx_word' id='word_1_292' title='bbox 911 3487 977 3548; x_wconf 82' lang='lat' dir='ltr'><strong>pag·</strong></span> <span class='ocrx_word' id='word_1_293' title='bbox 990 3469 1063 3534; x_wconf 82' lang='lat'><strong>356.</strong></span> <span class='ocrx_word' id='word_1_294' title='bbox 1074 3467 1155 3526; x_wconf 88' lang='lat' dir='ltr'><strong>linea</strong></span> 
     </span>
     <span class='ocr_line' id='line_1_37' title="bbox 64 3551 1155 3632; baseline -0.002 -21"><span class='ocrx_word' id='word_1_295' title='bbox 64 3557 94 3616; x_wconf 77' lang='lat'><strong>2.</strong></span> <span class='ocrx_word' id='word_1_296' title='bbox 115 3552 260 3611; x_wconf 84' lang='lat' dir='ltr'><strong>Errorcm</strong></span> <span class='ocrx_word' id='word_1_297' title='bbox 277 3551 374 3630; x_wconf 87' lang='lat' dir='ltr'><strong>arguit</strong></span> <span class='ocrx_word' id='word_1_298' title='bbox 386 3571 499 3612; x_wconf 86' lang='lat' dir='ltr'><strong>aumma</strong></span> <span class='ocrx_word' id='word_1_299' title='bbox 513 3557 585 3620; x_wconf 78' lang='lat'><strong>218.</strong></span> <span class='ocrx_word' id='word_1_300' title='bbox 600 3573 753 3632; x_wconf 81' lang='lat' dir='ltr'><strong>exregem</strong></span> <span class='ocrx_word' id='word_1_301' title='bbox 769 3558 798 3620; x_wconf 84' lang='lat'><strong>9.</strong></span> <span class='ocrx_word' id='word_1_302' title='bbox 810 3553 936 3614; x_wconf 84' lang='lat' dir='ltr'><strong>ictorum</strong></span> <span class='ocrx_word' id='word_1_303' title='bbox 951 3551 1093 3612; x_wconf 86' lang='lat' dir='ltr'><strong>aetatibua</strong></span> <span class='ocrx_word' id='word_1_304' title='bbox 1106 3552 1155 3610; x_wconf 87' lang='lat' dir='ltr'><strong>al-</strong></span> 
     </span>
     <span class='ocr_line' id='line_1_38' title="bbox 64 3635 1152 3718; baseline 0.001 -24"><span class='ocrx_word' id='word_1_305' title='bbox 64 3637 119 3696; x_wconf 87' lang='lat' dir='ltr'><strong>teri</strong></span> <span class='ocrx_word' id='word_1_306' title='bbox 137 3636 233 3702; x_wconf 84' lang='lat'><strong>1046.</strong></span> <span class='ocrx_word' id='word_1_307' title='bbox 247 3655 396 3698; x_wconf 80' lang='lat' dir='ltr'><strong>annorum</strong></span> <span class='ocrx_word' id='word_1_308' title='bbox 410 3657 541 3700; x_wconf 86' lang='lat' dir='ltr'><strong>aummee</strong></span> <span class='ocrx_word' id='word_1_309' title='bbox 556 3639 775 3718; x_wconf 87' lang='lat' dir='ltr'><strong>componenda,</strong></span> <span class='ocrx_word' id='word_1_310' title='bbox 797 3657 872 3717; x_wconf 88' lang='lat' dir='ltr'><strong>quae</strong></span> <span class='ocrx_word' id='word_1_311' title='bbox 884 3637 963 3698; x_wconf 79' lang='lat' dir='ltr'><strong>eoloa</strong></span> <span class='ocrx_word' id='word_1_312' title='bbox 976 3635 1045 3694; x_wconf 86' lang='lat' dir='ltr'><strong>licet</strong></span> <span class='ocrx_word' id='word_1_313' title='bbox 1061 3637 1152 3700; x_wconf 76' lang='lat'><strong>1264.</strong></span> 
     </span>
     <span class='ocr_line' id='line_1_39' title="bbox 64 3717 1154 3812; baseline -0.006 -32"><span class='ocrx_word' id='word_1_314' title='bbox 64 3720 187 3796; x_wconf 85' lang='lat' dir='ltr'><strong>reddat,</strong></span> <span class='ocrx_word' id='word_1_315' title='bbox 209 3741 271 3782; x_wconf 86' lang='lat' dir='ltr'><strong>non</strong></span> <span class='ocrx_word' id='word_1_316' title='bbox 290 3721 324 3782; x_wconf 86' lang='lat' dir='ltr'><strong>in</strong></span> <span class='ocrx_word' id='word_1_317' title='bbox 339 3722 531 3798; x_wconf 85' lang='lat' dir='ltr'><strong>monadibua,</strong></span> <span class='ocrx_word' id='word_1_318' title='bbox 554 3723 606 3783; x_wconf 85' lang='lat' dir='ltr'><strong>aed</strong></span> <span class='ocrx_word' id='word_1_319' title='bbox 621 3724 656 3782; x_wconf 87' lang='lat' dir='ltr'><strong>in</strong></span> <span class='ocrx_word' id='word_1_320' title='bbox 669 3723 828 3784; x_wconf 74' lang='lat' dir='ltr'><strong>decadibus</strong></span> <span class='ocrx_word' id='word_1_321' title='bbox 846 3723 1024 3802; x_wconf 77' lang='lat' dir='ltr'><strong>pravitatem</strong></span> <span class='ocrx_word' id='word_1_322' title='bbox 1041 3717 1154 3812; x_wconf 74' lang='lat' dir='ltr'><strong>admic-</strong></span> 
     </span>
     <span class='ocr_line' id='line_1_40' title="bbox 65 3805 1153 3898; baseline -0.003 -34"><span class='ocrx_word' id='word_1_323' title='bbox 65 3825 125 3864; x_wconf 86' lang='lat' dir='ltr'><strong>aam</strong></span> <span class='ocrx_word' id='word_1_324' title='bbox 140 3805 230 3866; x_wconf 77' lang='lat' dir='ltr'><strong>fateri</strong></span> <span class='ocrx_word' id='word_1_325' title='bbox 243 3807 331 3884; x_wconf 87' lang='lat' dir='ltr'><strong>cogit.</strong></span> <span class='ocrx_word' id='word_1_326' title='bbox 374 3807 433 3866; x_wconf 89' lang='lat' dir='ltr'><strong>Ubi</strong></span> <span class='ocrx_word' id='word_1_327' title='bbox 445 3827 516 3868; x_wconf 84' lang='lat' dir='ltr'><strong>vero</strong></span> <span class='ocrx_word' id='word_1_328' title='bbox 531 3829 616 3870; x_wconf 89' lang='lat' dir='ltr'><strong>error</strong></span> <span class='ocrx_word' id='word_1_329' title='bbox 629 3807 774 3868; x_wconf 86' lang='lat' dir='ltr'><strong>locandua</strong></span> <span class='ocrx_word' id='word_1_330' title='bbox 788 3807 842 3884; x_wconf 87' lang='lat' dir='ltr'><strong>ait,</strong></span> <span class='ocrx_word' id='word_1_331' title='bbox 862 3807 1012 3866; x_wconf 87' lang='lat' dir='ltr'><strong>incertum</strong></span> <span class='ocrx_word' id='word_1_332' title='bbox 1023 3809 1153 3898; x_wconf 75' lang='lat' dir='ltr'><strong>pepttua,</strong></span> 
     </span>
     <span class='ocr_line' id='line_1_41' title="bbox 66 3884 1154 3973; baseline -0.002 -25"><span class='ocrx_word' id='word_1_333' title='bbox 66 3908 121 3948; x_wconf 91' lang='lat' dir='ltr'><strong>nec</strong></span> <span class='ocrx_word' id='word_1_334' title='bbox 147 3891 246 3952; x_wconf 83' lang='lat' dir='ltr'><strong>otioae</strong></span> <span class='ocrx_word' id='word_1_335' title='bbox 271 3891 426 3971; x_wconf 86' lang='lat' dir='ltr'><strong>inquirere</strong></span> <span class='ocrx_word' id='word_1_336' title='bbox 448 3891 561 3954; x_wconf 89' lang='lat' dir='ltr'><strong>iudicio</strong></span> <span class='ocrx_word' id='word_1_337' title='bbox 589 3893 712 3973; x_wconf 89' lang='lat' dir='ltr'><strong>dignum</strong></span> <span class='ocrx_word' id='word_1_338' title='bbox 738 3899 839 3954; x_wconf 87' lang='lat' dir='ltr'><strong>cenaet</strong></span> <span class='ocrx_word' id='word_1_339' title='bbox 860 3890 992 3968; x_wconf 90' lang='lat' dir='ltr'><strong>Scaliger</strong></span> <span class='ocrx_word' id='word_1_340' title='bbox 1016 3884 1154 3954; x_wconf 71' lang='lat' dir='ltr'><strong>Animae</strong></span> 
     </span>
     <span class='ocr_line' id='line_1_42' title="bbox 65 3977 1155 4154; baseline -0.009 -30"><span class='ocrx_word' id='word_1_341' title='bbox 65 3993 130 4055; x_wconf 46' lang='grc' dir='ltr'><strong>με,</strong></span> <span class='ocrx_word' id='word_1_342' title='bbox 146 3977 244 4142; x_wconf 54' lang='lat' dir='ltr'><strong>iiiii·</strong></span> <span class='ocrx_word' id='word_1_343' title='bbox 259 4059 310 4142; x_wconf 73' lang='lat' dir='ltr'><strong>leq</strong></span> <span class='ocrx_word' id='word_1_344' title='bbox 329 4054 423 4148; x_wconf 77' lang='grc' dir='ltr'><strong>σμη’.]</strong></span> <span class='ocrx_word' id='word_1_345' title='bbox 460 4061 500 4124; x_wconf 78' lang='lat' dir='ltr'><strong>lt</strong></span> <span class='ocrx_word' id='word_1_346' title='bbox 526 4083 589 4126; x_wconf 87' lang='lat' dir='ltr'><strong>non</strong></span> <span class='ocrx_word' id='word_1_347' title='bbox 610 4057 676 4144; x_wconf 75' lang='lat' dir='ltr'><strong>ccq&#39;.</strong></span> <span class='ocrx_word' id='word_1_348' title='bbox 695 4083 733 4124; x_wconf 82' lang='lat' dir='ltr'><strong>ex</strong></span> <span class='ocrx_word' id='word_1_349' title='bbox 753 4058 884 4122; x_wconf 85' lang='lat' dir='ltr'><strong>numerie</strong></span> <span class='ocrx_word' id='word_1_350' title='bbox 909 4053 1155 4154; x_wconf 71' lang='lat' dir='ltr'><strong>praecedentium</strong></span> 
     </span>
     <span class='ocr_line' id='line_1_43' title="bbox 65 4137 1157 4230; baseline -0.004 -26"><span class='ocrx_word' id='word_1_351' title='bbox 65 4163 179 4206; x_wconf 81' lang='lat' dir='ltr'><strong>aemma</strong></span> <span class='ocrx_word' id='word_1_352' title='bbox 192 4145 355 4226; x_wconf 85' lang='lat' dir='ltr'><strong>colligitur.</strong></span> <span class='ocrx_word' id='word_1_353' title='bbox 375 4147 505 4227; x_wconf 89' lang='lat' dir='ltr'><strong>Scaliger</strong></span> <span class='ocrx_word' id='word_1_354' title='bbox 513 4149 656 4230; x_wconf 72' lang='lat' dir='ltr'><strong>apponite.</strong></span> <span class='ocrx_word' id='word_1_355' title='bbox 679 4150 844 4209; x_wconf 83' lang='lat' dir='ltr'><strong>Nominum</strong></span> <span class='ocrx_word' id='word_1_356' title='bbox 853 4155 880 4201; x_wconf 84' lang='lat' dir='ltr'><strong>et</strong></span> <span class='ocrx_word' id='word_1_357' title='bbox 887 4161 1039 4202; x_wconf 82' lang='lat' dir='ltr'><strong>annorum</strong></span> <span class='ocrx_word' id='word_1_358' title='bbox 1046 4137 1157 4229; x_wconf 73' lang='lat' dir='ltr'><strong>dacore·</strong></span> 
     </span>
     <span class='ocr_line' id='line_1_44' title="bbox 65 4223 1154 4312; baseline -0.001 -22"><span class='ocrx_word' id='word_1_359' title='bbox 65 4249 132 4290; x_wconf 80' lang='lat' dir='ltr'><strong>men</strong></span> <span class='ocrx_word' id='word_1_360' title='bbox 145 4251 296 4312; x_wconf 71' lang='lat' dir='ltr'><strong>magnum</strong></span> <span class='ocrx_word' id='word_1_361' title='bbox 315 4234 448 4290; x_wconf 81' lang='lat' dir='ltr'><strong>occurrit</strong></span> <span class='ocrx_word' id='word_1_362' title='bbox 463 4235 539 4293; x_wconf 72' lang='lat' dir='ltr'><strong>vitio</strong></span> <span class='ocrx_word' id='word_1_363' title='bbox 557 4234 790 4306; x_wconf 80' lang='lat' dir='ltr'><strong>Librariorum,</strong></span> <span class='ocrx_word' id='word_1_364' title='bbox 813 4247 892 4308; x_wconf 80' lang='lat' dir='ltr'><strong>quac</strong></span> <span class='ocrx_word' id='word_1_365' title='bbox 912 4227 978 4286; x_wconf 81' lang='lat' dir='ltr'><strong>iam</strong></span> <span class='ocrx_word' id='word_1_366' title='bbox 994 4223 1154 4306; x_wconf 65' lang='lat' dir='ltr'><strong>prffmue</strong></span> 
     </span>
     <span class='ocr_line' id='line_1_45' title="bbox 66 4311 1157 4408; baseline 0 -36"><span class='ocrx_word' id='word_1_367' title='bbox 66 4335 134 4376; x_wconf 75' lang='lat' dir='ltr'><strong>own</strong></span> <span class='ocrx_word' id='word_1_368' title='bbox 151 4339 198 4376; x_wconf 86' lang='lat' dir='ltr'><strong>me</strong></span> <span class='ocrx_word' id='word_1_369' title='bbox 209 4337 271 4376; x_wconf 87' lang='lat' dir='ltr'><strong>non</strong></span> <span class='ocrx_word' id='word_1_370' title='bbox 277 4327 548 4395; x_wconf 79' lang='lat' dir='ltr'><strong>peraeqnutnruna:</strong></span> <span class='ocrx_word' id='word_1_371' title='bbox 570 4317 653 4401; x_wconf 83' lang='lat' dir='ltr'><strong>qnod</strong></span> <span class='ocrx_word' id='word_1_372' title='bbox 672 4339 708 4394; x_wconf 74' lang='lat' dir='ltr'><strong>cu</strong></span> <span class='ocrx_word' id='word_1_373' title='bbox 724 4315 862 4378; x_wconf 83' lang='lat' dir='ltr'><strong>Lectoria</strong></span> <span class='ocrx_word' id='word_1_374' title='bbox 880 4311 1010 4374; x_wconf 83' lang='lat' dir='ltr'><strong>arbitrio</strong></span> <span class='ocrx_word' id='word_1_375' title='bbox 1028 4313 1106 4408; x_wconf 68' lang='lat' dir='ltr'><strong>inter</strong></span> <span class='ocrx_word' id='word_1_376' title='bbox 1123 4333 1157 4400; x_wconf 84' lang='lat' dir='ltr'><strong>cc¹</strong></span> 
     </span>
    </p>

    <p class='ocr_par' dir='ltr' id='par_1_12' title="bbox 135 4397 951 4490">
     <span class='ocr_line' id='line_1_46' title="bbox 135 4397 951 4490; baseline -0.007 -20"><span class='ocrx_word' id='word_1_377' title='bbox 135 4416 235 4490; x_wconf 72' lang='lat' dir='ltr'><strong>Georg-</strong></span> <span class='ocrx_word' id='word_1_378' title='bbox 252 4415 392 4487; x_wconf 67' lang='lat' dir='ltr'><strong>Sguocllaa.</strong></span> <span class='ocrx_word' id='word_1_379' title='bbox 408 4415 443 4470; x_wconf 83' lang='lat' dir='ltr'><strong>ll.</strong></span> <span class='ocrx_word' id='word_1_380' title='bbox 470 4441 473 4448; x_wconf 96' lang='lat'>·</span> <span class='ocrx_word' id='word_1_381' title='bbox 909 4397 951 4464; x_wconf 75' lang='lat'><strong>26</strong></span> 
     </span>
    </p>
   </div>
   <div class='ocr_carea' id='block_1_8' title="bbox 0 0 1434 4714">
    <p class='ocr_par' dir='ltr' id='par_1_13' title="bbox 0 0 1434 4714">
     <span class='ocr_line' id='line_1_47' title="bbox 0 0 1434 4714; baseline 0 0"><span class='ocrx_word' id='word_1_382' title='bbox 0 0 1434 4714; x_wconf 95' lang='lat' dir='ltr'><strong> </strong></span> 
     </span>
    </p>
   </div>
  </div>
 </body>
</html>
