2860 4714
363 183 379 232 b

358 333 800 436 sraunorsmonss..
1055 337 1138 412 oo1

121 502 181 582 Psg.
202 505 254 570 83.
273 495 367 582 ’Esaia
382 497 496 588 mist]
539 503 582 566 Ut
602 505 753 566 Panodori
775 523 888 566 anuos
907 502 1018 565 Christi
1032 503 1127 566 incu-

61 587 149 648 nabulis
163 590 233 655 411.
256 588 506 667 Chronologicum
526 609 604 670 opus
618 591 715 650 moliti
732 591 835 672 lapsus
856 599 991 672 reparet,
1017 611 1054 650 ao
1065 609 1127 672 pe-

61 674 137 735 riculis
157 693 194 734 ex
217 673 280 744 eius
299 675 428 734 lectione
454 674 670 754 emergentibus
694 675 811 736 obviam
841 677 886 736 ire
905 675 1058 751 videatur,
1086 693 1126 736 ex

61 759 105 818 eius
116 779 197 838 opere
212 759 362 820 Chronico
374 761 466 820 rerba
475 758 566 836 haec,
588 769 624 820 nt
636 781 739 821 sumus
751 763 887 842 praefati,
901 759 1018 822 Autbor
1027 761 1125 822 Geor·-

61 843 106 920 gios
120 845 225 904 referre
249 853 428 924 perseverat.
471 845 510 904 Et
528 845 629 906 berosi
651 847 769 926 quidem
785 846 1031 925 Manethonisque
1053 867 1126 908 sen-

61 928 169 1000 tentian,
188 928 281 988 huius
297 929 528 1010 Aegyptiorum,
555 931 638 990 illius
663 931 882 992 Chaldaeorum
901 931 1043 1012 imperia,
1072 951 1127 1012 per

62 1033 176 1074 annorum
189 1015 306 1095 aliquot
317 1015 467 1095 myriadas
481 1025 550 1075 ante
563 1017 711 1076 diluvium
722 1015 926 1092 statuentium,
937 1016 1046 1096 quibus
1059 1027 1127 1096 pot·

60 1107 90 1156 est
106 1110 322 1178 oppugnaturus
344 1100 513 1162 rationibus
529 1101 679 1162 linianum
700 1103 950 1182 Panodorumque
965 1101 1127 1166 Monachus

60 1182 207 1264 Aegyptios,
230 1186 409 1266 scriptorem
424 1196 583 1265 utrumque
597 1187 754 1267 benignius
776 1188 1003 1268 interpretatos,
1025 1187 1129 1246 tacitis

60 1266 218 1330 linteorum
230 1271 402 1331 nominibus
423 1272 541 1332 censuit
563 1273 771 1334 confutandos.
813 1273 908 1332 Iidem
933 1291 1006 1332 vero
1021 1269 1130 1331 Theo-

59 1348 122 1430 philo
136 1355 228 1414 aedem
244 1357 477 1418 Alexandrinam
493 1357 548 1417 sub
559 1360 687 1418 Arcadio
701 1360 838 1440 principe
854 1355 1037 1432 moderante,
1061 1375 1130 1416 oum

59 1435 207 1520 inAegypto
222 1439 372 1502 Chronica
385 1463 437 1502 sua
452 1442 699 1524 conscripserint,
721 1445 828 1524 quibus
841 1441 982 1503 nonnihil
996 1440 1130 1502 authori·

59 1523 109 1582 tatis
120 1525 301 1586 idololatriae
313 1528 362 1588 vel
377 1527 535 1588 haereseos
544 1529 710 1588 cultoribus
723 1531 761 1588 ob
772 1529 872 1588 berosi
882 1527 1130 1606 Manethonisqua

58 1618 157 1668 nentem
169 1612 286 1671 suavius
302 1613 469 1693 expositam
482 1622 583 1672 censet
595 1612 712 1672 Author
724 1614 897 1672 acoemisse:
917 1609 988 1674 hino
1001 1613 1128 1672 idolola-

59 1691 127 1769 triae,
146 1695 339 1776 Asianorum,
359 1697 660 1777 Manichaeorumque
670 1697 841 1758 haeresibus
851 1697 1024 1759 refellendis
1035 1696 1129 1757 Chro-
1233 1742 1236 1764 .

59 1777 178 1856 eulogiam
198 1783 285 1842 edere
301 1784 478 1861 meditatus,
506 1784 545 1842 ad
559 1783 673 1844 laudati
688 1783 847 1863 Theophili
862 1783 1075 1842 idololatsrum
1097 1791 1127 1842 et

59 1863 206 1924 Asianorum
219 1868 386 1928 adversarii
403 1878 528 1928 aetatem
543 1869 579 1928 ab
595 1871 667 1930 orbe
682 1869 805 1930 condito
821 1867 914 1935 5904.
926 1887 1011 1928 secus
1027 1867 1127 1948 posito

59 1949 228 2023 praelatorum
249 1953 379 2034 Aegypti
405 1952 619 2015 llonachorum
639 1955 780 2029 invento,
812 1957 1003 2034 exipsorum
1026 1953 1127 2012 verbis

59 2035 199 2096 memorien
211 2059 300 2115 agere
314 2059 375 2098 non
389 2049 521 2100 veretur.
554 2039 676 2100 Floruit
689 2039 741 2100 illa
755 2037 937 2118 Theophilus
958 2037 1014 2096 suh
1031 2038 1126 2096 Arca-

59 2114 103 2192 dio,
121 2127 146 2178 et
155 2125 261 2183 exactis
276 2124 310 2183 in
324 2125 503 2184 Pontificatu
516 2125 603 2184 annis
616 2129 666 2192 28.
680 2125 786 2186 scribit
803 2123 1008 2204 Theophanes,
1029 2121 1126 2182 Theo·

60 2199 116 2260 dosii
126 2204 239 2268 iunioris
253 2209 394 2290 septimo,
407 2219 560 2289 reparatae
569 2211 752 2277 salutator.
765 2211 844 2270 diem
860 2220 1027 2270 extremum
1041 2208 1125 2270 obiit.

60 2285 106 2356 lltt
119 2309 200 2368 porro
220 2294 334 2374 pietate
354 2297 489 2375 turpium
512 2315 669 2355 sacrorum
693 2297 874 2356 execrandos
896 2295 974 2357 ritus
988 2294 1126 2354 Alexan-

60 2367 120 2432 driae
129 2380 295 2457 sustulerit,
316 2379 421 2439 altaria
433 2381 591 2457 deiecerit,
614 2401 652 2440 ex
666 2381 824 2440 metallicis
840 2380 1027 2440 simulachris
1040 2399 1125 2440 uum·

59 2471 105 2516 nos
123 2462 290 2526 mallaverit
306 2463 340 2524 in
366 2485 513 2546 pauperes
533 2464 716 2546 erogandos,
736 2466 818 2524 unde
837 2465 896 2523 sibi
908 2485 1018 2524 nomen
1042 2465 1127 2528 aldor·

60 2537 174 2609 tostino
185 2549 362 2630 promeruit,
380 2553 474 2612 relert
487 2549 683 2632 Theophanes
695 2550 782 2610 brevi
795 2549 908 2630 publici
922 2549 997 2610 iuris
1009 2549 1127 2610 lacien-

61 2621 103 2684 tu
117 2649 180 2692 anuo
194 2635 294 2715 magni
310 2635 470 2696 Theodosii
488 2641 537 2703 12.
580 2637 623 2696 lla
636 2656 696 2714 quo
710 2635 820 2695 iterum
837 2634 869 2694 in
883 2655 964 2715 seqq.

123 2707 176 2780 het
190 2721 343 2799 Θεοφίλου
356 2715 413 2802 κβ.
429 2715 663 2802 adprensoso'ssoo
675 2714 756 2796 ’ellat
761 2720 919 2803 orderico]
952 2717 1038 2777 Hunc
1053 2735 1126 2776 eun·

63 2791 125 2874 dem,
143 2802 313 2882 vigesimum
324 2817 442 2866 sextum
462 2805 649 2886 Nicephorus
662 2815 815 2866 numerata
846 2803 900 2864 sed
920 2803 1004 2863 salso.
1055 2802 1129 2863 Post
1175 2875 1183 2890 ι

62 2877 179 2947 Theonoen
197 2893 296 2966 enim,
318 2911 406 2970 quem
428 2891 590 2972 cumipse,
613 2886 678 2950 tum
696 2892 841 2968 Georgius
855 2898 958 2948 noster
977 2887 1015 2947 ad
1027 2887 1127 2969 operia
1222 2939 1232 2946 .

62 2965 161 3047 otum,
180 2983 242 3034 turn
258 2973 454 3056 Theophanes
470 2975 525 3036 sub
541 2977 640 3056 operis
655 2976 792 3054 initium,
813 2983 899 3036 sexto
917 2974 1032 3034 dommo
1046 2977 1129 3033 locat

63 3049 155 3144 ordina,
172 3060 276 3122 Petrus
290 3063 406 3142 lllartyr
420 3061 520 3122 sedem
533 3061 666 3122 obtinuit
681 3061 813 3121 decimus
827 3060 988 3142 septimus,
1011 3059 1061 3118 cui
1076 3059 1124 3118 de·
1142 3060 1175 3117 Ρ.
1192 3063 1228 3122 ta

62 3151 256 3206 cruuootaons
273 3147 415 3207 successit
432 3167 494 3207 non
510 3146 642 3207 Achillas
660 3148 712 3228 qui
729 3143 805 3221 leode
822 3141 936 3227 lonasio,
958 3157 986 3203 et
1000 3145 1128 3226 simplex

61 3220 184 3302 Presbyter
194 3233 253 3291 luit
261 3275 270 3309 ,
292 3234 346 3292 sed
360 3233 529 3293 Alexander
548 3253 625 3292 unua
638 3253 675 3292 ex
689 3233 835 3293 Nicaenae
850 3231 964 3312 Synodi
979 3231 1127 3308 Patribus,

62 3302 162 3372 decimus
173 3336 270 3376 nonus
284 3317 462 3378 Athanasius
477 3318 709 3378 Alexandrinam
722 3317 973 3377 rexitEcclesiom
981 3365 991 3396 ,
1013 3315 1060 3376 cui
1075 3315 1126 3375 vi-

61 3392 159 3486 luimus
177 3401 251 3462 alius
268 3405 373 3463 Petrus
398 3403 541 3464 suffectus
564 3413 626 3481 est,
650 3403 758 3464 deinde
771 3401 945 3463 Timotheus
965 3401 1124 3481 vigesimus

62 3490 160 3559 ponus,
180 3507 214 3546 aa
233 3488 363 3568 denique
390 3488 537 3549 secundus
559 3509 651 3570 supra
664 3489 837 3569 vigesimum
859 3487 911 3548 hic
930 3485 1125 3570 Theophilus.

63 3559 171 3628 luthoris
186 3574 318 3653 catalogo
331 3574 398 3634 aliis
412 3575 590 3634 enumeratis
604 3573 779 3636 adversatur
791 3573 986 3653 Nicephorus.
1022 3571 1126 3632 Theo-

63 3660 100 3740 noe
115 3669 229 3736 namque
243 3660 281 3718 ab
299 3659 365 3740 ipso
380 3660 493 3740 pariter
508 3669 538 3719 et
554 3681 571 3718 a
585 3659 711 3738 Georgio
726 3660 760 3718 in
773 3670 890 3719 sextum
904 3659 1051 3718 decimum
1070 3657 1125 3715 ad·

63 3743 125 3793 ”1¹³0
140 3740 280 3804 decimum
295 3745 453 3826 septimum
470 3746 589 3804 Petrum
607 3745 774 3826 lllartyrem,
782 3745 955 3822 substituit,
978 3743 1125 3802 decimum
1291 3777 1296 3790 ·

63 3825 171 3884 aravum
184 3827 342 3908 Achillam,
367 3835 419 3898 19.
436 3829 653 3908 Alexandrum,
676 3835 727 3898 20.
742 3829 948 3904 Athanasium,
969 3833 1020 3894 21.
1033 3823 1126 3886 Atha.
1210 3823 1212 3830 '

62 3905 151 3968 auiam
170 3916 293 3975 eundem
316 3915 407 3976 exilio
433 3925 624 3992 revocatum,
653 3923 703 3984 22.
727 3917 887 3996 Georgium
907 3913 1066 3985 Asianum,
1096 3921 1127 3972 et

61 3979 224 4058 Athanasium
244 4001 336 4062 tertio
353 4001 417 4061 sedi
444 4001 635 4077 restitutum,
657 4001 831 4080 vigesimum
857 3997 981 4059 tertium
1004 3998 1126 4057 Petrum

62 4085 129 4146 'utta
147 4097 353 4162 memoratum,
380 4087 434 4154 24.
457 4087 582 4148 Lucium
608 4087 769 4162 Asianum,
798 4086 851 4154 25.
873 4085 994 4144 Petrum
1018 4083 1138 4142 iterato‘

62 4153 204 4244 sutanum,
225 4190 259 4231 ao
283 4173 403 4232 demum
449 4177 478 4238 6.
493 4171 714 4252 Theophilum,
737 4175 850 4250 dequo
867 4187 973 4228 sermo.
1017 4165 1126 4229 Verum

62 4251 182 4316 ‘taonem
198 4255 323 4338 Georgia
337 4257 492 4318 haeresem
507 4257 642 4319 antistite
657 4277 712 4338 per
731 4257 791 4315 vim
800 4299 811 4329 ,
836 4253 968 4328 legitimo
983 4253 1128 4315 Pantilius

62 4322 138 4390 adhue
148 4336 271 4420 virente,
292 4346 324 4404 iu
337 4344 436 4406 oedem
451 4341 580 4420 intruso,
595 4343 711 4404 omissis
725 4341 815 4402 etiam
829 4337 1128 4420 Athanasiil’etriqus
