2888 4714
290 346 367 422 482
665 343 1012 418 EMENDATIONES

290 515 410 576 canone
425 508 567 572 visurum
586 505 802 568 emendationes
823 523 860 564 er
879 519 984 580 regum
1002 496 1126 580 privato
1146 498 1304 564 laterculo
1333 503 1398 562 hue

289 599 400 660 delatas
421 593 522 654 nullus
542 593 713 666 mirabitur,
734 589 795 650 nisi
813 588 865 670 qni
882 585 992 648 Xerxis
1005 583 1098 666 primi
1112 604 1210 647 annos
1223 609 1295 668 pag.
1317 593 1399 656 250.

288 683 325 747 D.
344 689 374 740 et
391 678 567 740 Artaxerxis
591 699 659 758 pag.
681 678 751 743 251.
775 675 808 736 C.
830 695 848 732 a
868 671 1040 749 semetipso,
1061 670 1193 732 noluerit
1215 673 1395 738 consultos.

287 767 425 845 Reliquas
441 761 584 823 hathoris
597 763 647 822 vel
660 759 864 821 Librariorum
878 755 1137 830 hallucinationes,
1150 765 1182 814 at
1194 767 1225 816 et
1238 777 1395 818 acessus

197 856 228 914 V.
242 855 275 914 aa
291 851 362 911 adeo
378 867 530 924 enormes,
552 845 725 926 adaequem
744 844 890 905 rationem
909 840 1046 903 revocari
1064 849 1171 920 queant
1191 843 1393 904 commodior

290 935 408 998 occasio
424 930 591 1014 patefaciet.

190 1027 222 1084 P.
238 1025 273 1082 68
373 1019 441 1096 Peg.
463 1023 535 1094 209·
557 1013 718 1078 Χαλδαίαν
739 1007 1015 1095 β’.ἒβασ11ευσεν.]
1049 1010 1234 1072 Latercnlum
1253 1011 1320 1072 hoc
1344 1014 1389 1072 ah

288 1103 416 1166 Eusebio
437 1102 605 1180 neglectum
626 1098 836 1179 praetermittit
860 1096 1000 1173 Scaliger.
1041 1095 1156 1156 Forsan
1180 1097 1388 1158 omittendum

289 1187 436 1248 iudicavit
450 1185 609 1260 Eusebius,
631 1183 712 1262 quod
730 1182 869 1242 Chaldaei
886 1181 1052 1259 Medorum,
1074 1201 1205 1260 quorum
1216 1183 1291 1262 apud
1304 1203 1387 1244 etam

290 1283 373 1336 extat
389 1272 583 1350 diagramma,
605 1269 792 1328 subiecerant
806 1267 941 1346 imperio.

372 1357 439 1432 Peg.
462 1359 533 1420 210.
555 1352 714 1416 Χαλδαίαν
737 1348 786 1434 ιβ’.
808 1351 995 1432 ὄβασίλευσεν
1016 1345 1128 1429 attica]
1156 1349 1206 1412 Ex
1223 1349 1286 1430 pari
1303 1371 1384 1430 pag.

286 1437 490 1524 praecedentia
521 1437 633 1518 scripto
661 1437 741 1498 linea
763 1443 794 1506 1.
829 1431 1022 1518 ἀβασίλευτος
1049 1431 1140 1509 ἄλλος
1171 1435 1385 1516 reponendum

287 1545 427 1586 conncm.

372 1602 458 1672 Καιοῖ
471 1603 505 1672 di
516 1602 588 1682 roric
600 1601 708 1682 ἄλλους
719 1599 768 1686 τ’.]
783 1603 925 1686 losephus
940 1603 973 1664 in
988 1601 1137 1684 Apionem
1151 1603 1276 1686 scripsit
1286 1603 1385 1668 εἶιοστ

286 1689 440 1858 Moel'ag.
462 1781 533 1848 211.
544 1771 626 1850 Ἕως
640 1775 769 1858 Δαρείου
783 1776 838 1837 τοῦ
861 1769 993 1856 Ξέρξου]
1023 1771 1184 1834 videndos
1207 1772 1325 1834 duthcr
1346 1772 1388 1834 ad

288 1863 469 1944 Cambysen,
491 1871 520 1920 et
542 1861 580 1920 ad
600 1861 661 1920 eius
678 1879 789 1918 aunum
805 1858 944 1938 quintum
963 1866 1121 1918 annones:
1148 1859 1291 1919 Patavina
1305 1880 1388 1939 qno-

287 1969 344 2028 que
359 1949 411 2012 lib.
429 1952 477 2014 10.
493 1946 530 2006 de
544 1947 629 2008 Dect.
642 1945 744 2024 Temp.
759 1963 824 2021 cap.
840 1950 889 2008 17.

368 2027 582 2110 Hadrianou
597 2028 681 2102 icccc
696 2021 891 2105 Καμβύσου]
926 2022 984 2102 Td,
1006 2025 1163 2108 minoren,
1185 2026 1386 2088 desideratum

288 2117 322 2178 in
340 2117 430 2194 Regio
450 2115 615 2175 restituitur
635 2131 674 2170 ex
690 2109 832 2184 Eusebio,
855 2111 937 2190 apud
956 2130 1043 2190 quem
1061 2111 1197 2190 legimns.
1243 2114 1389 2174 obtinuit

286 2201 459 2279 Aegyptum
473 2196 631 2273 Cansbyaec
643 2197 676 2253 in
689 2215 771 2255 anno
787 2197 894 2276 quinto
908 2199 1059 2276 regniaci
1071 2207 1126 2258 etc.
1158 2197 1247 2257 Hanc
1260 2209 1386 2260 sanun.

283 2283 357 2343 tiam
372 2281 430 2342 init
444 2279 573 2358 Scaliger
586 2279 694 2360 pagiua
710 2283 761 2348 39.

368 2369 494 2446 Προῖτος
513 2361 622 2444 Ῥῶμος
636 2361 798 2445 Ῥωμαίους
820 2357 999 2448 εἰσήγαγεν]
1031 2363 1106 2446 hpte
1127 2365 1254 2446 Scaliger
1270 2367 1385 2447 pagina

282 2459 386 2513 textus
401 2455 453 2517 39.
476 2452 596 2532 πρῶτος
611 2448 762 2530 Ῥωμαίων
775 2443 889 2530 νόμους
904 2443 1071 2532 εἰσήγαγεν.

371 2550 435 2614 ttat
449 2549 573 2615 σκύτινα
585 2549 635 2614 οιαὶ
652 2545 832 2636 ὀστράκινα]
854 2551 902 2610 Ex
917 2550 1050 2630 propriis
1066 2549 1244 2614 adversariis
1265 2553 1385 2614 addidit

286 2637 355 2698 illst
376 2630 509 2717 sedimen
525 2633 559 2698 di
573 2630 685 2701 ου’δὲνα
697 2631 819 2702 meismes
834 2631 1014 2721 διῳκήσατο.
1055 2636 1125 2697 Hoc
1137 2639 1282 2700 Eusebius
1296 2641 1386 2700 Lati-

285 2743 344 2786 nus
358 2741 421 2782 non
438 2722 577 2800 suggerit.

358 2821 519 2908 ’Ἄρχοντες
533 2819 701 2902 detersam]
723 2819 875 2882 Correctio
891 2819 964 2881 haec
979 2839 1016 2880 cx
1029 2819 1168 2884 Eusebio.

369 2923 438 3002 Pag.
460 2929 532 2992 212.
545 2917 627 2998 Ἕως
641 2925 697 2985 τοῦ
706 2914 810 3008 ,δαα’.]
833 2921 879 2982 hd
900 2922 1035 2982 Africani
1051 2933 1181 2988 mentem
1194 2921 1266 2984 haec
1280 2925 1386 2988 Geor·

283 3007 350 3086 gius
364 3027 394 3068 se
410 3007 563 3088 scripsisse
578 3015 718 3084 testatur,
741 3007 849 3066 eisdem
864 3007 959 3067 nihilo
974 3006 1070 3068 secius
1086 3009 1172 3089 qnasi
1185 3010 1221 3070 ah
1234 3009 1384 3074 luteam

285 3091 433 3172 decerptis
448 3092 569 3152 titulum
590 3091 726 3174 praefigit
746 3091 890 3172 Scaliger,
910 3087 1105 3174 Ἀφρικανοῦ.
1147 3094 1189 3155 At
1209 3116 1277 3156 cum
1298 3099 1383 3159 ttri-

286 3177 354 3236 cani
375 3177 554 3256 Georgiiqne
573 3177 704 3237 rationes
725 3176 922 3258 inpraesenti
944 3175 1055 3258 epocha
1078 3181 1275 3258 conveniant,
1303 3181 1379 3242 haec

286 3259 412 3340 Georgio
429 3261 616 3322 detracturus
630 3271 660 3320 et
676 3261 800 3321 Eusebio
815 3264 1092 3323 accommodaturus
1106 3266 1251 3344 temporis
1270 3265 1378 3324 calen—

282 3345 346 3403 lnm
363 3365 425 3405 nou
438 3345 540 3406 debuit
556 3345 686 3426 Scaliger
701 3365 885 3428 expungere,
906 3357 937 3408 et
954 3347 1080 3410 solerter
1094 3349 1200 3410 ederet
1222 3350 1377 3425 tonsores

284 3429 317 3494 oi
326 3421 483 3510 Ἀθηναῖοι
498 3431 628 3510 βασιλεῖς
645 3435 767 3514 πρῶτοι.

366 3521 469 3590 Ἐννέα
488 3551 519 3592 τι
539 3523 694 3611 ἀρχόντων
711 3527 898 3620 Ἀθήνῃσιν]
920 3531 983 3608 Qui
1003 3551 1113 3594 novem
1129 3533 1175 3594 illi
1258 3537 1376 3598 'drame

282 3612 476 3691 incognitum.
518 3615 639 3674 Plenior
655 3616 743 3678 lectio
755 3629 898 3698 reponat:
918 3615 942 3700 ef
958 3617 1013 3682 vic
1025 3641 1057 3682 τε
1073 3613 1228 3700 α’ρχόνταν
1246 3617 1377 3708 stitit·

284 3718 334 3764 σιν
353 3693 429 3782 cippi
450 3693 625 3778 κατεστοῖθη.
669 3703 758 3762 Νονα
775 3705 1021 3785 Magistratuum
1033 3715 1172 3784 potestas
1185 3707 1315 3768 Alunt}
1328 3711 1377 3766 ιἰι-

283 3788 404 3845 atituta.
434 3784 563 3864 Scaliger
576 3783 696 3844 Eusebii
711 3787 757 3846 sni
771 3809 836 3868 pag.
850 3793 901 3857 39.
913 3797 1001 3848 textu
1013 3791 1167 3868 mutilato,
1190 3813 1309 3855 sensum
1327 3794 1378 3852 de.

282 3879 400 3952 pravat.
442 3865 515 3950 pessi
531 3864 656 3944 τούτους
668 3867 809 3952 ἄρχοντες
825 3867 994 3960 Ἀθήνρσιν
1013 3867 1090 3956 ἆρχῆ
1103 3871 1284 3957 κατεστάθη.
1304 3876 1328 3956 ’i
1341 3875 1377 3941 di

282 3957 345 4017 ταῖν
361 3951 643 4038 ἐνιαυσίανῆρχθη.
676 3959 801 4021 Φιλῖνον
818 3959 886 4019 rice
909 3954 1044 4038 Φιλήνοο
1057 3959 1229 4042 interpolat.
1258 3957 1378 4042 Γράτου

282 4036 469 4119 Σαβινιανόν
482 4039 631 4100 severiani
644 4039 712 4100 loco
730 4043 899 4120 substituit,
920 4053 950 4102 et
960 4037 1138 4108 Ἀυτανίνυυ
1154 4046 1208 4109 secl
1219 4041 1378 4131 Atyn-coe

282 4124 452 4184 nominibus
466 4143 527 4182 nna
540 4143 608 4184 cnm
620 4125 741 4188 Petavio
757 4128 863 4208 positis
874 4123 1052 4192 Ἀντανίνου
1065 4135 1121 4194 soei
1129 4131 1184 4196 stul.
1195 4126 1376 4215 Αὐγούστου

281 4215 395 4268 rectam
407 4208 600 4288 scriptionem
614 4210 724 4290 requiri
737 4235 798 4274 nou
813 4213 1032 4274 animadvertit.

352 4298 431 4371 »Tati
448 4306 799 4398 ιῆςιυ’.’01υμτιιὶδος.]
821 4315 1033 4400 Olympiadem
1044 4335 1126 4379 auno
1145 4335 1166 4378 a
1181 4317 1292 4381 mundi
1300 4335 1374 4378 con-
