2888 4714
276 349 352 430 504
654 348 996 423 EMENDATIONES

279 539 348 584 nem
369 527 528 580 extremam
547 504 661 574 cladem
680 509 796 572 ludaeis
817 509 927 571 inlerre
950 516 1106 590 paratum,
1128 507 1256 570 obviam
1280 509 1377 569 factm

300 605 418 667 lamvit.

278 627 300 689 P
353 685 426 766 Ἔπη
447 678 520 767 iffi]
542 683 689 744 Numerus
707 678 741 740 in
758 679 864 740 lacum
883 677 1069 739 desideratus
1088 697 1191 758 exseq.
1208 699 1282 758 pag.
1298 679 1369 746 254.

279 774 314 838 D·
335 772 481 834 redditus.

362 852 514 936 Εὐσέβιος
527 848 561 918 dl
575 848 592 917 b
604 843 796 928 Καισαρεύς]
821 846 867 907 lta
887 845 1061 928 Hieronymi
1078 847 1172 908 versio
1189 847 1228 906 ad
1249 869 1369 908 annum

278 940 414 1004 Abrahae
435 944 527 1006 1606.
547 946 576 998 et
592 939 682 1005 198&
710 935 808 1008 Quare
823 931 927 994 citatio
941 933 1113 1012 marginalis
1125 933 1206 992 liade
1221 935 1370 1014 superio-

279 1027 363 1092 ribus
378 1023 572 1102 adiungenda.
615 1057 620 1070 ·

331 1147 335 1158 ·
364 1113 431 1190 Pag.
454 1112 525 1176 250.
546 1108 675 1170 Μᾶλλον
697 1099 730 1167 dl
747 1099 784 1166 ed
797 1097 872 1166 τιατᾶ
889 1097 945 1182 τήν
966 1095 1111 1182 laudib]
1133 1101 1176 1162 De
1193 1101 1288 1162 luditlr
1307 1121 1364 1177 ge-

280 1196 333 1258 stis
345 1205 375 1260 et
388 1195 449 1256 eius
460 1205 593 1274 tempore
611 1187 727 1250 Autbor
744 1187 804 1268 agit
817 1187 851 1248 iu
867 1187 1067 1269 superioribus
1080 1207 1149 1269 pag.
1163 1191 1231 1256 236.
1243 1199 1272 1248 et
1285 1191 1360 1256 237.

281 1291 312 1342 et
327 1301 382 1342 nos
399 1281 437 1339 sd
449 1279 550 1338 losum
562 1274 698 1338 eundem.

363 1383 432 1458 Pag.
455 1379 528 1446 252.
550 1371 619 1440 “Orc
639 1365 943 1454 obsicianensium]
980 1373 1070 1447 Quod
1091 1375 1145 1434 alii
1171 1372 1360 1451 δαατᾰοιεπι,

281 1485 332 1544 ego
344 1463 520 1542 Pontificem
534 1461 668 1541 gessisse,
687 1459 768 1539 quod
784 1461 815 1518 in
828 1477 890 1518 eam
903 1467 1030 1518 mentem
1045 1459 1165 1520 Author
1178 1459 1363 1540 propendeat,

280 1569 336 1612 trec
357 1550 415 1610 nisi
435 1547 583 1610 maiorum
600 1546 744 1606 abductus
766 1542 945 1604 authoritate
966 1543 1133 1624 relinquat,
1164 1547 1285 1606 reddere
1301 1565 1363 1604 non

280 1655 345 1698 sum
363 1633 486 1694 veritus.
528 1629 732 1712 Perspicacius
750 1649 842 1709 porro
862 1629 1014 1708 sequentia
1029 1629 1138 1689 intuito
1159 1629 1236 1702 loci,
1257 1631 1287 1689 in
1306 1651 1365 1710 quo

279 1719 419 1780 nonnihil
443 1717 642 1793 desideratur,
678 1713 843 1774 emendatio
869 1713 903 1773 in
933 1711 1014 1772 lruue
1036 1713 1163 1774 modum
1194 1715 1368 1796 disponitur.

281 1799 510 1884 αὖτὸςἚσδρας
520 1849 529 1880 ,
551 1812 608 1862 etc.
630 1791 911 1882 ἆρχιερατεύσαντα,
933 1792 1051 1879 χρόνοις
1066 1802 1201 1880 Νεεμίου
1214 1805 1270 1862 τοῦ
1287 1801 1370 1863 οἰνα-

280 1883 353 1972 γόοα
372 1893 427 1951 τοῦ
447 1883 636 1970 Ἀρταξέρξου
662 1877 770 1947 τούτου
790 1875 963 1962 ἆναβᾶσειος
981 1879 1053 1964 μετὰ
1072 1881 1118 1967 ιγ’.
1140 1885 1202 1966 ἔτη.
1223 1887 1369 1966 iuterpre-

280 1975 355 2040 tutio
368 1993 439 2034 vcro
448 1989 668 2053 praecessorem
681 1987 744 2026 non
757 1987 956 2024 successorem
971 1968 1071 2046 exigit.

365 2059 431 2136 Pag.
452 2060 523 2122 253.
548 2048 612 2118 Ode
626 2047 665 2114 dv
679 2044 845 2130 losdunum
858 2043 971 2132 odedu]
988 2053 1124 2113 Neemise
1138 2054 1282 2115 nimirum
1294 2053 1366 2115 smi-

280 2151 332 2226 pta
344 2142 467 2202 Esdram
481 2135 683 2211 Sacerdotem,
705 2135 769 2194 sive
785 2135 963 2214 Pontificem
974 2157 1035 2198 uon
1049 2150 1222 2200 memorant.

280 2309 298 2370 b
362 2225 479 2365 Aspicies
497 2221 549 2286 uel
568 2215 696 2304 trasco]
717 2219 826 2284 Decem
841 2217 1010 2283 rhetoribus
1022 2227 1220 2286 annumerati:
1245 2225 1282 2284 dc
1295 2224 1364 2303 qui-

301 2327 335 2366 us
349 2306 400 2366 Sui
424 2328 465 2369 as.
1007 2301 1010 2306 ’
1434 2293 1435 2308 ’

365 2393 431 2470 Pag.
454 2390 527 2458 254.
551 2386 755 2468 Σουσοονία.]
783 2389 905 2450 Suriam
926 2401 1015 2451 vocat
1037 2391 1178 2454 Eusebius
1196 2393 1233 2452 ad
1253 2413 1362 2452 annum

280 2475 415 2542 Abrabae
430 2477 519 2544 1564.
534 2475 621 2536 aliam
631 2476 668 2536 de
682 2494 739 2555 qus
752 2475 841 2554 paulo
854 2475 973 2536 inferius
985 2477 1179 2560 Pompilium:
1198 2477 1363 2540 Phriuiemn

281 2562 370 2622 etiam
383 2562 501 2637 scribit,
522 2561 574 2641 qui
588 2559 639 2619 lric
651 2559 783 2619 Punicus
798 2559 890 2622 audit.

365 2641 521 2728 Δήμαργοι
534 2646 566 2709 ἐν
579 2639 696 2730 Ῥώμῃ]
717 2645 812 2704 Locus
827 2665 843 2702 a
862 2645 1009 2724 Scaligero
1023 2647 1207 2708 emendatus.
1227 2646 1364 2708 Eusebius

282 2731 321 2798 od
343 2731 550 2812 Olympiadem
575 2733 625 2798 83.
675 2729 800 2792 Tribuni
814 2729 913 2810 pletis
933 2741 962 2789 et
982 2729 1109 2792 Aediles
1131 2734 1247 2794 Romae
1265 2735 1363 2802 ονιαιὶ.

283 2815 468 2878 Consulibus
483 2819 591 2878 eiectis.

364 2895 527 3052 ’ἵρχιερεύς
546 2894 577 2964 δ’
594 2892 732 2980 iudicia]
762 2897 938 2960 Pontificem
956 2897 1039 2962 bunc
1061 2901 1214 2983 praeteriit
1236 2899 1366 2982 Scaliger

280 3001 347 3064 Ρθὲ·
412 3027 419 3044 ·
742 3017 748 3032 ·
1081 2992 1088 3006 '

365 3069 433 3147 Peg.
457 3069 527 3136 256.
547 3065 599 3142 Ὦς
614 3064 647 3132 dl
663 3066 757 3150 bergos
777 3067 819 3144 εἰς
840 3069 1059 3152 Meritorium]
1081 3069 1165 3134 Inter
1184 3091 1259 3154 quos
1275 3069 1365 3132 (ibro-

281 3152 371 3214 nicon
386 3153 622 3236 Alexandrinum
635 3175 700 3235 pag.
716 3155 788 3219 896.

366 3251 587 3336 ΝαροῆςὮγοα
596 3247 748 3334 diripio]
763 3255 892 3334 Scaliger
901 3249 947 3338 ιγ’.
956 3245 1046 3338 Ὦρος
1061 3249 1148 3318 edrici
1149 3301 1361 3320 ........

281 3337 328 3398 Aa
343 3357 404 3398 non
422 3339 523 3400 Ochus
538 3339 626 3400 etiam
642 3339 789 3420 scaligero
806 3339 1000 3402 duodecimus
1016 3343 1177 3402 Persarum
1193 3343 1273 3402 [texi
1291 3339 1362 3414 Quis

280 3422 336 3482 iste
359 3415 405 3502 ιγ’.
423 3414 512 3503 Ὦχος
538 3418 624 3485 attat
625 3467 788 3486 ......
816 3425 944 3486 Errandi
966 3426 1099 3486 fortassis
1123 3447 1213 3488 causa
1236 3428 1291 3488 luit
1315 3425 1365 3485 ille

280 3505 407 3568 Librarii
421 3509 554 3587 Ναρσῆς,
574 3507 626 3608 gui
643 3503 928 3592 emendate''Apor14-,
952 3511 1051 3570 velut
1065 3511 1133 3570 aliis
1148 3507 1363 3594 placetltpuig,

280 3593 330 3650 vel
352 3591 479 3669 denique
499 3586 649 3672 Ἀρσαμης
664 3593 815 3656 scribitur·
855 3589 1064 3677 ’Λρμοοσᾶμηο
1085 3594 1145 3656 hoc
1168 3607 1287 3659 tantum
1302 3597 1363 3654 loco

281 3697 298 3739 a
314 3697 344 3737 se
358 3677 468 3737 lectum
481 3677 617 3736 observat
631 3675 767 3738 Animsd.
779 3698 846 3760 pag.
866 3681 939 3747 258.

366 3775 544 3858 Χουσαῖοι]
567 3777 696 3856 Scaliger
719 3799 788 3860 pag.
810 3790 912 3842 textus
932 3781 1038 3844 Euseb.
1062 3783 1112 3850 46.
1135 3785 1259 3864 reponit
1279 3787 1366 3846 xro:-

279 3867 381 3926 satos.-
402 3863 544 3944 Iosephus
565 3865 724 3926 Χουθαῖοι
745 3875 851 3943 vocat,
876 3860 1046 3947 Ου’ρανίτην
1059 3869 1198 3930 Neemiaa
1214 3877 1303 3950 ceput
1316 3865 1365 3926 ult.

279 3964 310 4005 v.
333 3949 382 4013 28.
404 3947 579 4010 Horonitesn
593 3967 630 4007 ex
643 3945 789 4010 Hebraico
804 3959 891 4010 textu
907 3951 1035 4030 vulgata.

362 4047 536 4128 Αἰγυπτίαν
556 4044 611 4112 κδ’.
631 4049 816 4134 δυναστεία]
840 4051 935 4113 Verba
954 4052 1028 4114 haee
1047 4055 1233 4134 frequentius
1248 4054 1365 4138 repetita

279 4137 309 4184 et
323 4131 469 4194 nonnulla
486 4133 543 4193 alia
558 4129 686 4212 Scaliger
703 4135 846 4217 expungit
860 4157 927 4218 pag.
946 4137 998 4204 45.

307 4211 321 4240 ⁴
360 4228 429 4324 Peg·
452 4234 524 4298 257.
557 4233 697 4315 Τέταρτος
720 4240 817 4318 μῆνας
839 4237 890 4318 ἔτιγ
913 4232 984 4318 tt]
999 4235 1122 4316 Reliqua
1144 4261 1226 4322 reges
1248 4239 1361 4321 Aegypti

279 4316 440 4383 spectantia
451 4325 566 4376 scatent
579 4318 695 4380 mendis
709 4321 741 4383 in
757 4323 816 4385 MS.
830 4341 923 4402 quare
937 4323 1042 4386 Latino
1054 4323 1183 4388 Eusebio
1191 4347 1273 4404 usus,
1287 4345 1361 4410 pree·
