2888 4714
399 375 464 443 ΕΤ·
479 375 830 444 ANNOTATIONES.
1088 367 1159 442 491

74 533 224 596 mensibus
242 537 272 600 8.
292 532 325 594 iu
346 553 457 594 sunum
478 537 591 616 putatis
617 543 755 617 occupet.
796 535 933 596 Sedecias
957 535 1058 616 itaque
1083 555 1164 598 suno

75 621 164 686 4893.
188 639 243 679 rex
263 619 429 679 declaratus
445 629 515 700 post
535 639 630 678 annos
648 625 696 685 11.
719 621 752 679 id
773 631 818 680 est
833 622 939 682 mundi
956 622 1049 689 4908.
1063 621 1096 682 iu
1111 643 1164 682 oa·

72 705 238 785 ptisitateua
249 705 394 764 abductus
408 713 466 776 ests
489 714 517 763 et
532 703 634 764 eodem
648 707 740 772 4903.
756 705 902 784 integrum
915 708 1030 768 civitati
1044 717 1164 768 ιιιιοιιι

71 791 223 850 excidium
238 811 255 847 a
269 787 472 849 Nabuasrdum
485 788 604 848 illatum
619 797 670 847 est.

155 877 223 954 Peg.
245 879 316 940 226.
341 871 375 936 Ὀ
395 872 495 953 μέντοι
515 869 692 954 Ειισὲβιος.]
726 873 827 934 Editio
852 874 958 934 Latius
985 875 1103 938 Eusebii
1124 877 1163 937 sd

71 979 184 1021 ιιιιιιιιιι
197 958 332 1020 Abrahae
350 959 441 1024 1416.
460 957 649 1018 consulenda.

154 1038 248 1125 Mpd’
268 1038 343 1117 ’ὅλοις
361 1036 554 1125 λογισάμενος
563 1034 606 1105 'soi
619 1043 751 1126 Δαρείου
770 1046 826 1104 τοῦ
841 1035 1018 1124 Ἀστυιιγους
1039 1043 1088 1124 lep
1104 1039 1164 1126 4.]

70 1131 190 1210 Ecquid
216 1127 352 1208 Astyagis
381 1147 527 1187 annorum
554 1127 663 1188 oblitus
685 1137 729 1187 est
748 1127 911 1205 Eusebius,
939 1128 990 1208 qui
1020 1147 1164 1208 expansos

71 1217 159 1274 etism
179 1221 246 1274 octo
262 1233 350 1293 super
363 1212 486 1290 triginta
505 1213 660 1273 recensetl
683 1213 730 1273 Ex
744 1213 866 1294 propris
882 1174 911 1272 ei
925 1213 1089 1272 adversarii
1110 1213 1166 1272 do·

71 1301 169 1359 ctrina
191 1297 356 1378 composito
376 1298 414 1356 sd
436 1295 587 1358 hominem
603 1307 776 1376 argumento
794 1300 868 1358 solet
881 1297 999 1358 Author
1011 1298 1166 1358 adversam

71 1384 207 1464 quamvis
219 1383 394 1442 sententiam
406 1385 561 1462 impetere:
584 1393 766 1463 quapropter
780 1384 889 1444 usitato
900 1365 1000 1464 potius
1016 1393 1047 1443 et
1059 1391 1164 1461 arguto

69 1491 172 1546 inore,
195 1488 284 1548 quam
301 1467 382 1526 fideli
397 1467 561 1546 arguendi'
551 1485 632 1544 sure,
652 1468 771 1526 lacessit
782 1469 947 1532 Eusebium.
976 1470 1024 1528 Ex
1040 1467 1165 1551 propris

70 1557 194 1633 quidem
210 1551 349 1612 docilius
369 1547 606 1631 Hierosolymam
620 1551 704 1630 regni
722 1555 771 1618 19.
787 1551 1091 1614 aNsbuchodonosor
1110 1554 1165 1613 de·

69 1649 221 1698 vastatum
235 1657 403 1716 supponens
420 1637 578 1715 Georgius,
601 1637 775 1696 calamitatis
791 1639 931 1717 tempus'
922 1659 953 1696 ιιι
970 1637 1088 1696 Eusebii
1106 1639 1166 1696 Cs-

69 1725 164 1784 nonio
182 1723 315 1802 Astyagis
328 1743 405 1780 anno
419 1743 500 1782 nono
515 1741 552 1781 ex
567 1741 661 1801 aequo
676 1721 857 1801 respondere
868 1721 1029 1803 prospicit:
1058 1722 1165 1782 exinde
1252 1744 1260 1756 ’

69 1807 348 1868 Nabuchodonosor
364 1807 415 1872 24.
433 1809 534 1882 annis,
555 1806 662 1866 Evilad
683 1807 843 1866 hierodsch
865 1807 1011 1888 quinque,
1032 1807 1165 1867 Baltasar

69 1895 166 1953 tribus
179 1891 359 1968 numeratis,
381 1891 414 1950 id
430 1901 475 1951 est
489 1891 603 1954 duobus
625 1901 656 1951 et
677 1891 815 1970 triginta,
837 1891 960 1952 altimus
980 1892 1112 1952 Baltasar
1131 1893 1164 1951 in

70 1979 147 2058 Cyri
173 1978 317 2058 primum,
352 1985 404 2036 aut
423 1977 526 2056 potius
549 1977 728 2050 seeundum,
761 1976 894 2038 incidere
917 1975 1164 2057 deprehenditur:

71 2061 179 2120 melior
200 2081 271 2120 vero
295 2061 551 2140 Chronologorum
573 2081 644 2141 pars
678 2061 854 2139 Baltasaris,
885 2063 935 2142 qui
957 2061 1164 2140 Niriglesarus,

72 2145 162 2204 annis
182 2145 253 2205 slios
272 2145 410 2226 Astyagis
440 2146 650 2228 septemdecim
673 2155 741 2206 ante
765 2147 894 2226 Cyrum,
922 2147 1008 2207 nullo
1028 2146 1165 2227 principe

69 2230 264 2310 interposito,
291 2233 486 2312 imperantem
511 2231 631 2290 adiicit:
664 2231 810 2291 Eusebius
833 2231 940 2328 igitur,
967 2232 1072 2292 iuncto
1093 2231 1164 2312 Cyri

70 2323 139 2413 post
159 2315 316 2396 Astyagem
337 2325 367 2375 et
385 2317 509 2376 subinde
533 2323 603 2394 post
621 2315 864 2394 Niriglessrum
854 2318 996 2396 imperio,
1026 2315 1164 2398 Astyagis

71 2401 166 2482 ipsius
179 2421 326 2461 annorum
342 2405 391 2467 17.
403 2403 519 2462 nullam
533 2399 639 2459 habuit
650 2400 838 2475 memorium,
861 2400 954 2461 infert
968 2403 1122 2481 Georgius.

153 2487 224 2564 Peg.
245 2491 317 2553 227.
336 2479 406 2547 ’etas'
422 2482 545 2566 ἐσχάτου
559 2483 644 2556 ἔτους
661 2483 825 2564 Zelasium]
847 2484 874 2544 A
898 2485 1036 2546 Sedeciae
1057 2488 1165 2548 ultimo

72 2591 131 2632 nou
144 2579 253 2651 quarto
268 2579 356 2652 putst
368 2569 511 2630 Eusebius
532 2569 818 2650 captivitatissnnos
835 2573 888 2635 70.
901 2569 962 2629 boc
976 2579 1077 2650 pacto.
1119 2571 1165 2630 Ab

71 2657 208 2737 Astyagis
230 2665 338 2715 octavo
357 2655 396 2713 ad
415 2658 466 2722 88.
482 2673 576 2714 annos
595 2654 733 2732 triginta:
757 2664 821 2714 tum
843 2641 924 2734 Cyri
930 2657 981 2720 80.
1000 2663 1167 2734 sequuntur

73 2741 226 2822 cambysis
239 2750 309 2800 octo
318 2739 500 2820 ,Magorum
513 2739 641 2800 fratrum
657 2759 768 2815 sunus,
789 2748 820 2799 et
833 2739 916 2800 Darii
937 2740 1069 2820 primus:
1092 2759 1166 2817 quo·

72 2847 136 2886 rum
157 2847 272 2886 summa
286 2829 393 2892 ιι170.
420 2827 487 2886 Non
500 2825 621 2908 itaque
616 2783 774 2890 losciml.
789 2823 881 2884 seda
901 2823 1037 2884 Sedeciae
1056 2823 1166 2884 ultimo

73 2922 101 2970 et
111 2909 391 2972 Nabuchodonosor
406 2916 454 2979 19.
470 2910 665 2970 consummati
679 2909 790 2969 excidii
802 2917 919 2987 tempus
935 2907 1091 2968 exorditur
1106 2907 1166 2968 Eu·

72 2999 183 3074 sebius,
205 3005 235 3056 et
248 2995 384 3074 adiecta,
406 3017 468 3056 nou
485 2995 620 3076 neglecto
639 2994 797 3056 Clementis
811 2993 992 3056 authoritate
1009 2993 1165 3076 propriam

72 3043 245 3144 sentenlism
265 3081 375 3144 firmat.

155 3171 285 3247 Προῖτον
298 3166 361 3241 ἔτος
375 3163 594 3274 alxpuluoloel
615 3161 695 3224 llaec
709 3162 854 3223 Eusebius
873 3163 1005 3224 Graecus
1021 3163 1163 3242 Scaligeri

72 3273 135 3354 pag
160 3253 210 3319 41.
254 3247 404 3313 Scribit’
383 3247 443 3316 ιιιο
462 3244 585 3336 πρώτης
604 3253 789 3330 κατασκευῆς
809 3248 885 3314 ἔτεσι
905 3243 998 3335 θρβ.
1018 3257 1162 3332 typorum

72 3341 156 3402 sitio.

154 3417 223 3485 ’unt
242 3423 298 3502 τῆς
318 3413 426 3501 ὀγδόης
446 3421 498 3486 sui
515 3423 751 3503 τεσσαρακοστῆς
768 3411 994 3501 Ὀλυμπιάδος]
1022 3417 1164 3481 Eusebius

73 3509 195 3569 Latinus
212 3507 251 3566 ad
261 3505 408 3568 Abraham
424 3527 536 3568 annum
554 3507 647 3574 1426.
664 3515 694 3565 et
708 3504 846 3565 Sedecise
861 3505 1060 3566 undecimum.
1088 3509 1164 3566 Sen-

74 3598 182 3654 tentiae
196 3602 330 3668 nostrae,
351 3591 472 3670 scribit,
494 3595 585 3651 etiam
610 3589 746 3654 Clemens
759 3593 899 3672 congruit
919 3594 999 3656 ιἰι1.
1022 3593 1164 3650 Stromat.

74 3681 121 3746 47.
147 3675 328 3758 Olympiade
344 3639 552 3756 captiuilutem
571 3675 753 3738 Iudaeorum
764 3678 892 3754 factam
910 3697 971 3734 ease
986 3685 1164 3732 contestans.

74 3763 113 3822 Ea
130 3773 254 3846 propter
268 3764 300 3822 iu
313 3763 403 3822 verba
417 3783 489 3823 mox
503 3772 651 3823 secutura·
673 3767 766 3824 ταῦτα
780 3757 929 3842 Εὐσέβιος
939 3753 1093 3834 sinoaldus
1108 3768 1164 3818 ete.

74 3847 140 3910 Not.
162 3868 230 3929 psg.
222 3851 303 3914 .80.
332 3841 462 3927 Scaliger
485 3847 638 3910 obsessas.
674 3849 792 3908 Mirum
817 3857 859 3904 est
882 3845 962 3902 hunc
989 3843 1165 3944 Georgaum,

76 3938 127 4012 qui
148 3935 270 3994 nullum
288 3953 414 3992 errorem
431 3930 556 3995 Eusebia·
571 3935 735 4014 praeterire
751 3932 842 4007 solet,
868 3929 918 3987 laic
936 3927 1045 3988 duos
1032 3931 1167 4008 ansignee

75 4039 133 4079 uon
156 4015 415 4080 animadvertisse.
457 4022 564 4079 Primo
591 4021 671 4078 enim
691 4013 844 4078 Eusebius
862 4015 1001 4094 loquitur
1024 4011 1061 4072 de
1077 4023 1166 4092 capto

77 4104 213 4178 Sedeca'a,
238 4099 370 4164 Clemens
385 4101 421 4162 de
440 4103 589 4164 leodonis.
632 4099 751 4163 Deinde
767 4099 919 4160 Eusebius
937 4101 1006 4180 agit
1025 4095 1167 4158 desertio

76 4210 150 4250 onno
171 4147 222 4256 47.
250 4187 464 4287 Olympiades,
488 4191 623 4250 Clemens
643 4185 680 4246 de
694 4207 776 4245 anno
794 4187 896 4264 primo
916 4181 1168 4282 puodrogess'mae

77 4287 204 4336 octuvue.
248 4274 368 4333 Poterat
387 4273 500 4354 pariter
513 4274 637 4336 tertium
652 4270 803 4330 iudicares
825 4267 983 4330 Eusebium
996 4269 1137 4330 videlicet
1150 4293 1168 4329 s

77 4361 176 4442 templi
200 4357 322 4440 opificio
339 4379 433 4420 annos
449 4359 519 4426 442.
540 4375 726 4431 numerasse,
749 4355 800 4418 ubi
819 4377 836 4415 s
859 4355 981 4418 Doridis
996 4356 1081 4418 obitu
1097 4355 1166 4424 452
