2860 4714
278 342 357 418 414
654 347 998 422 mffinnerlonus

277 513 393 576 nullom
412 511 446 572 in
463 506 572 570 litteris
592 507 683 573 seuit
701 508 760 568 sibi
775 505 987 569 euthoritstem
1001 503 1158 583 conciliet,
1177 516 1210 568 et
1224 513 1378 570 memmi.

277 595 406 680 grstioni
421 605 531 656 statum
542 613 640 655 mcum
653 593 794 655 inferenti
809 603 986 674 perpetuum
1003 591 1196 670 adversetur,
1218 613 1281 654 non
1296 597 1378 656 adeo

276 703 332 766 per
344 701 409 742 eom
423 681 456 740 in
468 681 554 740 slism
570 681 722 759 regionem
737 679 912 740 transferret
924 675 1073 740 Abrohom
1085 677 1179 754 Deus,
1201 698 1290 758 quem
1302 681 1375 760 ipso

276 767 425 830 Abrohom
448 767 509 826 Deo
529 765 650 826 iubente
668 764 701 824 in
721 764 898 840 edrmrnm,
919 762 1094 844 inpubium
1109 761 1240 842 affeetu,
1258 777 1372 844 mente,

276 853 402 936 pedibus
417 871 448 910 ee
468 852 602 912 referret.
634 849 665 917 6.
688 849 817 910 Dubium
835 870 920 909 omne
938 869 1026 928 quom
1042 847 1180 908 celeriter
1194 851 1309 910 enodet
1321 854 1373 910 vir

276 938 353 999 seris
366 937 494 1016 ingenii,
516 945 546 995 et
560 955 622 995 non
633 934 722 994 trites
734 935 909 996 eruditionis
922 935 1045 994 loannes
1058 933 1195 992 Morinus
1206 935 1238 994 in
1251 936 1372 996 lliblio-

275 1043 344 1084 rum
357 1025 442 1082 ium
457 1021 666 1102 Septnsginte,
687 1021 852 1080 versionem
866 1019 1085 1097 Prolegomeno.
1128 1019 1167 1078 In
1185 1019 1295 1080 Codice
1308 1024 1369 1080 Sa.

275 1112 440 1184 maritum,
462 1107 567 1185 inquit,
588 1129 624 1165 ne
635 1105 745 1164 umbra
761 1104 880 1184 quidem
892 1102 1091 1182 difficultatis
1104 1103 1284 1185 offunditur.
1314 1106 1367 1166 Ita

274 1197 356 1254 enim
379 1213 477 1252 annos
504 1196 600 1250 totius
622 1193 705 1251 ettae
735 1193 831 1250 lirare
850 1189 1036 1248 determinat.
1081 1204 1152 1249 mun
1171 1205 1225 1250 mn
1239 1206 1297 1250 un*
1316 1208 1367 1252 tm

275 1293 354 1340 reru
376 1293 451 1338 nens
467 1291 594 1351 uranu
606 1281 704 1338 merel
723 1275 762 1335 Et
779 1278 901 1336 luerunt
919 1275 981 1336 ‹liee
997 1273 1095 1334 There
1116 1274 1244 1353 quinque
1262 1295 1365 1336 onno-

274 1385 342 1426 rum
356 1372 386 1422 et
405 1359 614 1441 quodraginta,
636 1371 666 1420 et
685 1365 757 1427 100.
770 1381 927 1420 ennorum.
975 1359 1026 1420 Ita
1048 1361 1083 1418 s‘n
1102 1357 1212 1418 Codice
1223 1361 1366 1420 Samari

179 1443 212 1502 Ρ.
227 1446 263 1504 82
279 1461 352 1508 tuno
375 1457 445 1505 unte
466 1449 559 1512 1800.
580 1467 679 1505 annos
702 1446 965 1526 egrederetur,
987 1456 1022 1504 ut
1043 1465 1078 1504 et
1090 1445 1283 1524 fragmentis
1300 1451 1367 1508 τοῖν

273 1537 424 1616 χρονικῶν
441 1527 584 1594 κανόνων
608 1531 777 1611 colligitur.
820 1532 901 1592 Heec
919 1531 988 1608 ille,
1010 1529 1061 1608 qui
1082 1530 1211 1590 stlmisee
1225 1531 1368 1590 Hebraici

272 1629 303 1680 et
317 1617 509 1698 Septuaginta
524 1625 663 1677 textuum
676 1617 902 1698 deputatione,
925 1617 1015 1676 unico
1036 1635 1124 1694 quem
1145 1615 1297 1694 integrum
1314 1637 1368 1676 se-

271 1703 390 1778 stimst,
413 1701 590 1762 Semenitsni
603 1701 721 1762 Codicis
735 1703 819 1762 redio
836 1721 953 1761 omnem
961 1699 1119 1760 dubietatis
1133 1700 1293 1778 caliginem
1302 1701 1366 1761 dis-

273 1789 368 1865 cutit,
390 1798 422 1848 et
437 1807 453 1847 e
467 1787 722 1866 chronologorum
734 1796 833 1847 mente
845 1795 972 1848 emovet.
1014 1785 1110 1845 Petris
1122 1785 1276 1865 siquidem
1288 1807 1365 1846 enno

271 1881 324 1941 70.
343 1883 432 1933 nstus
444 1871 594 1934 Abrohom
609 1874 714 1932 sutelis
727 1873 867 1952 propriae
880 1873 931 1938 75.
947 1871 1178 1950 profectionem,¹
1189 1881 1278 1950 petre
1295 1874 1364 1938 145.

270 1967 432 2040 provecto,
453 1968 482 2017 et
497 1959 556 2018 iem
571 1957 635 2017 vite
651 1958 755 2017 functo
768 1957 908 2036 suscepit.
940 1963 970 2022 6.
985 1955 1095 2016 Ultimo
1108 1965 1156 2014 est
1175 1955 1319 2016 luthorio
1332 1965 1364 2015 et

269 2045 350 2105 inter
367 2041 537 2124 prebebiles
554 2041 709 2122 potissime
727 2041 914 2101 difficultatis
929 2042 1056 2117 solutio,
1077 2039 1232 2100 Abrohom
1242 2043 1297 2108 75.
1314 2041 1366 2104 ui·

268 2138 317 2188 tse
332 2149 427 2204 enno,
450 2147 488 2186 ex
505 2127 558 2186 Dei
571 2127 676 2201 iussu,
698 2123 941 2187 Chuneenititlem
962 2125 1146 2206 provincism
1169 2127 1316 2206 petiisse,
1339 2135 1368 2187 et

268 2213 308 2270 sd
329 2212 406 2271 illud
429 2210 487 2270 iter
509 2210 731 2291 arripiendum,
753 2219 838 2291 petre
859 2212 919 2270 iem
942 2223 1080 2288 mortuo,
1110 2211 1165 2270 llei
1186 2212 1367 2272 mandatum

267 2296 417 2376 recepisse
424 2313 433 2366 ς
455 2304 559 2376 petre,
578 2297 717 2376 inquom,
738 2295 820 2356 letho
837 2297 967 2374 enimse,
991 2317 1052 2357 non
1066 2296 1222 2376 corporis,
1245 2298 1366 2378 iampe-

266 2381 349 2440 nitus
362 2379 467 2440 eritne
479 2381 567 2459 libro,
588 2403 651 2441 non
662 2381 800 2442 vivorum
811 2383 878 2440 elbo
893 2382 1001 2458 deleto,
1022 2401 1091 2442 cum
1103 2382 1136 2440 in
1149 2380 1366 2460 idololatrum,

266 2465 374 2527 relicto
391 2465 445 2524 Dei
459 2467 562 2542 cultu,
583 2477 710 2548 propter
726 2487 815 2547 quem
829 2488 846 2526 e
862 2465 1007 2528 Chuldoes
1026 2469 1123 2527 fueret
1143 2465 1284 2542 eiectus,
1305 2470 1367 2529 mi-

268 2571 335 2612 eere
347 2551 506 2633 prolapsus
519 2561 572 2611 eet.
614 2551 695 2612 Haec
711 2554 789 2612 enim
801 2552 862 2612 fuit
877 2551 973 2612 'lbere
994 2563 1025 2612 et
1038 2550 1188 2612 Abrohom
1206 2553 1247 2612 in
1267 2554 1365 2615 bleso-

267 2637 430 2718 potemism
444 2637 609 2716 emigrandi
621 2637 751 2706 occasio,
774 2647 810 2696 ut
823 2637 935 2698 Acbior
949 2638 1131 2698 Ammonites
1144 2637 1255 2698 ludim
1272 2641 1303 2706 5.
1315 2639 1365 2700 do·

267 2721 394 2783 nunciet
407 2722 573 2786 Holoferni.
609 2725 675 2783 Hic
683 2726 820 2802 primum
827 2727 861 2782 irs
870 2724 1089 2803 Mesopotamia
1101 2722 1270 2796 habitavit,
1291 2745 1363 2802 quo-

267 2811 354 2866 nium
368 2809 531 2868 uoluerunt
546 2811 634 2888 sequi
645 2807 727 2868 Deos
741 2819 870 2888 patrum
887 2829 1030 2884 ouorum,
1053 2811 1107 2888 qui
1127 2819 1216 2868 eruut
1230 2811 1265 2866 in
1280 2820 1362 2866 terra

270 2890 499 2952 Chaldaeorum
520 2905 573 2953 etc.
595 2894 731 2973 quemvis
750 2913 811 2973 quo
831 2893 957 2956 erimine
976 2913 1008 2954 ee
1021 2893 1217 2967 liberarent,
1240 2893 1361 2954 demum

265 2978 386 3055 turpius
401 2978 612 3054 obstrinxerit,
633 2988 667 3038 ut
680 2979 842 3060 exprobret
855 2979 939 3039 losue
953 2979 1007 3041 lib.
1017 2998 1082 3057 esp.
1096 2979 1149 3044 24.
1181 2981 1281 3038 team
1297 2979 1365 3056 llu-

265 3064 351 3122 vium
362 3061 579 3124 habitaverunt
595 3075 701 3143 putres
721 3067 814 3124 veetri
834 3065 875 3123 ub
896 3067 1001 3140 initio,
1030 3065 1126 3124 tuere
1139 3074 1237 3142 pater
1257 3062 1365 3146 Abru-

264 3145 355 3222 ham,
378 3157 406 3206 et
419 3149 560 3227 Nceehor,
582 3152 810 3229 servieruntque
829 3152 905 3209 Diis
921 3151 1040 3212 adenis.
1091 3148 1159 3208 Hoc
1177 3159 1282 3210 sutem
1303 3149 1364 3209 cri·

265 3249 334 3291 men
347 3230 444 3293 There
458 3233 491 3293 in
505 3243 631 3294 mortem
646 3235 853 3316 impetendum
867 3244 1029 3314 suggerunt
1045 3231 1163 3294 inlinit·
1182 3235 1362 3316 Scriptum-

264 3335 332 3376 rum
348 3319 493 3398 exempla.
537 3321 669 3380 Dimitte
688 3331 839 3394 mortuno,
862 3319 904 3380 sit
918 3321 983 3400 ipse
998 3318 1148 3396 Christus,
1171 3317 1237 3380 boe
1257 3331 1363 3380 estre-

263 3399 320 3459 bus
345 3401 474 3462 caducis·
486 3403 638 3482 addictus,
658 3407 782 3486 sepelire
803 3417 949 3465 mortuos.
991 3407 1026 3465 Si
1046 3400 1217 3464 secuudum
1244 3425 1364 3465 camur

263 3487 422 3563 vixeritis,
443 3491 631 3560 moriemini:
653 3491 759 3551 scribit
776 3491 937 3572 Apostolus
952 3489 991 3550 ed
1006 3491 1090 3552 Rom.
1112 3511 1180 3570 cop.
1194 3495 1230 3557 8.
1257 3489 1362 3552 Viduo

265 3568 386 3629 deliciie
401 3572 505 3632 tolum
524 3585 647 3634 mortuo
667 3577 796 3637 refertur
814 3577 853 3635 sd
875 3575 1006 3636 Timotb.
1021 3595 1087 3655 cep-
1101 3577 1131 3641 5.
1144 3584 1183 3634 nt
1197 3585 1233 3636 et
1245 3575 1360 3638 invenis

262 3656 316 3717 ille
331 3665 481 3718 seortstor
494 3667 525 3718 et
537 3679 630 3738 geneo
643 3661 741 3722 Lucre
752 3663 801 3728 16.
812 3661 849 3722 de
866 3681 926 3742 quo
937 3670 1033 3741 pstor.
1066 3661 1171 3720 Filiae
1182 3680 1361 3720 meueusor-

264 3753 339 3802 tuus
352 3754 433 3822 erat,
460 3753 490 3803 et
513 3747 638 3806 revicit:
659 3766 695 3805 sc
714 3747 833 3808 domum
854 3755 888 3807 nt
907 3747 947 3806 sd
969 3747 1082 3808 odmen
1102 3745 1224 3826 iprum,
1245 3747 1360 3824 dequo

262 3827 410 3890 indidem
426 3829 538 3908 egitur,
559 3849 724 3892 sermonem
745 3841 969 3894 convertemuse
991 3831 1178 3892 colossenses
1199 3829 1358 3912 compellet

262 3913 426 3994 Apostolus
442 3935 506 3996 cep.
521 3923 552 3982 2.
566 3925 710 3996 tunquam
730 3927 878 3992 mortuos,
901 3937 935 3978 eu
957 3917 1041 3999 quod
1061 3915 1256 3977 idololotriee
1275 3911 1360 3976 letbu

263 3999 403 4073 extincti,
425 4021 496 4061 eum
514 4005 630 4061 neortui
646 4014 742 4062 esseest
757 4006 792 4062 iu
805 4001 925 4062 delictis
939 4014 970 4060 et
980 4004 1142 4083 praeputio
1162 4005 1278 4077 emtus„
1296 4017 1360 4060 cue-

265 4084 308 4142 eis
333 4085 431 4146 svitse
456 4087 633 4165 gentilitatis
650 4089 781 4148 tenebris
807 4089 975 4169 dissipetis,
1003 4089 1038 4148 in
1057 4087 1234 4148 admirabile
1257 4087 1358 4146 lumen

264 4165 332 4226 lesu
345 4167 458 4230 Christi
470 4173 589 4232 luerent
601 4174 711 4235 vocati.
752 4173 838 4234 Hsne
852 4176 1024 4256 propositos
1035 4172 1221 4234 difficultatis
1234 4189 1356 4244 nomm,

265 4257 300 4308 ut
310 4250 374 4328 ipse
385 4255 526 4332 rebstnr,
547 4259 753 4319 enodationem
769 4279 800 4319 se
811 4259 1000 4320 adinvenisse
1012 4257 1093 4340 opud
1105 4277 1169 4319 sese
1180 4275 1290 4318 reeens
1300 4271 1355 4314 sn-

265 4327 337 4392 ll¹0r
348 4335 549 4420 gloriebatur,
570 4361 640 4404 cum
653 4345 692 4405 eb
710 4344 831 4406 Andres
845 4345 943 4407 uuio
953 4345 1040 4428 prius
1056 4353 1205 4427 repetem
1224 4342 1268 4402 sb
1280 4336 1355 4401 ensi·
