2888 4714
400 321 461 395 ET
481 319 832 394 ANNOTATJONES
928 330 934 345 '
1086 315 1159 392 497

72 475 178 538 atilitar
192 497 230 538 ae
243 475 362 540 fortiter
373 477 514 559 reliquias
528 478 728 542 Hebraeorum
738 481 949 562 aggrediuntur
964 482 1084 560 Persae,
1103 484 1161 544 As·

73 561 184 641 syrios,
209 583 263 622 ceu
284 573 419 624 vetustos
438 573 468 624 et
488 575 625 646 expertos
645 563 745 626 hostes
766 568 916 648 appellant
935 567 1078 646 Hebraei,
1102 589 1160 647 quo

73 666 126 706 usu
144 649 283 708 Romana
304 649 397 706 dictio
419 649 571 730 principes
590 649 662 708 olim
678 649 848 711 nominabat
859 653 1009 729 Caesares,
1032 664 1062 714 et
1077 655 1161 714 illato
1192 669 1194 674 ’

70 731 106 790 ab
129 733 242 794 exteris
262 733 358 807 bello,
386 733 435 792 vel
460 734 547 792 etiam
571 735 671 795 excito
695 733 777 792 civili
801 738 948 814 tumultu,
974 739 1102 800 Annibal
1124 739 1162 799 ad

69 827 191 894 portas,
214 811 315 878 nullus
330 817 370 876 sit
384 817 513 876 Annrbal
524 819 608 894 hcet
630 818 773 877 inclamat
787 819 890 878 Latina
902 841 1058 900 paroemia
1099 825 1162 884 Na·

69 899 304 962 buchodonoaor
326 901 419 979 igitur
440 901 581 964 Hebraeis
603 911 726 982 putatus
747 911 792 962 est
807 903 933 982 quilibet
950 905 1089 988 princeps
1103 908 1163 970 ltc-

70 985 138 1060 stis‚
161 995 194 1046 et
215 985 405 1046 Persarum'
397 988 553 1066 imperium
580 985 736 1066 Assyriaca
759 987 873 1046 ditione
897 988 1108 1068 locupletatum
1133 1003 1164 1054 et

70 1031 214 1148 eaelum,
237 1091 297 1130 non
321 1071 487 1132 insolenter
507 1073 699 1151 Assyriorum
718 1091 842 1150 regnum
862 1073 1030 1152 appellatur
1050 1077 1120 1136 Esd.
1133 1084 1161 1144 1.

71 1176 134 1234 cap.
151 1161 185 1221 6.
203 1176 233 1216 v.
255 1157 311 1214 ult.
333 1158 478 1216 recerunt
499 1159 716 1216 solemnitatem
732 1168 840 1236 reptem
860 1155 995 1218 dubue'
982 1180 1014 1218 ιιι
1033 1159 1162 1238 laetitia,

69 1244 221 1318 quoniam
234 1241 331 1319 luetis
332 1253 453 1302 caverat
468 1263 517 1300 eos
527 1245 698 1318 Dominus,
720 1253 747 1300 et
763 1254 947 1302 converterat
958 1247 1090 1324 correptis
1101 1245 1163 1302 As-

68 1346 121 1383 tur
141 1325 217 1408 (70.
235 1319 399 1406 lluomlur’
392 1331 495 1406 Ασσυρ
497 1323 571 1406 inv)
594 1325 639 1386 ad
659 1348 707 1386 eos
723 1335 778 1386 eto.
820 1327 878 1388 Hic
893 1349 985 1408 porro
1003 1350 1065 1388 non
1085 1331 1162 1390 alius

67 1431 162 1490 quam
178 1411 335 1470 Persarum
358 1409 512 1473 dominus:
540 1413 617 1472 ttsm
638 1420 669 1473 et
690 1411 862 1490 cambysem
877 1415 1041 1475 secundum
1055 1415 1163 1474 Nabu-

68 1495 266 1555 chodonosot
293 1495 329 1552 ab
350 1494 493 1555 Hebraeis
513 1505 653 1556 vocatum
676 1495 845 1554 Chrbnicon
866 1497 1099 1560 Alexandrinum
1115 1509 1163 1564 te-

65 1589 172 1640 statur
185 1599 251 1659 pag.
265 1582 338 1646 388.
352 1580 511 1660 eademque
528 1581 644 1640 ratione
657 1579 764 1639 tertius
779 1580 829 1639 vel
840 1591 963 1659 quartus
978 1585 1092 1644 Xerxes
1109 1586 1163 1645 de·-

64 1663 222 1726 nominati
235 1663 360 1772 potuit.
363 1663 454 1724 Aliud
466 1663 952 1770 fundamentumexponitrluthor
965 1687 1044 1745 seqq.
1054 1671 1162 1732 verbis.

157 1745 266 1830 ‘Oydp
288 1741 376 1824 utitor
391 1747 501 1830 Ξέρξης
515 1749 669 1832 Αἴγυπτον
694 1742 892 1828 ducatricem]
917 1749 1084 1811 istiusmodi
1107 1753 1164 1812 de-

65 1834 233 1894 lectionem
252 1833 378 1893 obscure
398 1835 530 1912 suggerit
545 1835 646 1896 Iudith
662 1843 752 1916 caput
770 1838 916 1914 primum:
935 1847 1077 1896 memorat
1092 1839 1163 1898 Sui-

67 1917 121 1978 das
134 1939 191 1979 ver
186 1917 229 1975 bo
239 1912 374 1998 Ἰουδήθι
388 1929 490 1980 narrat
498 1919 668 1980 Herodotus
682 1919 825 2000 temporis
839 1919 919 1980 illius
930 1922 1061 2000 scriptor
1072 1922 1123 1982 lib.
1134 1928 1162 1988 1.

66 2003 152 2063 llinc
171 2013 230 2062 tam
249 2002 407 2063 vehemens
433 2004 555 2064 ultionis
573 2003 667 2064 libido
694 2004 758 2064 eiua
780 2004 886 2070 animis
905 2005 1039 2066 incussa:
1062 2005 1164 2066 ludith

72 2107 142 2165 cup
159 2093 189 2152 2
215 2087 329 2168 ἐγένετο
352 2081 438 2170 λόγος
461 2089 616 2167 ἐκδικῆσαι
632 2091 733 2151 πᾶσαν
754 2111 811 2168 την
828 2093 897 2170 γῆν.
933 2091 1020 2149 Mem
1041 2115 1069 2150 ee
1064 2093 1163 2168 'suit,

71 2169 162 2250 quod
170 2169 341 2250 discrederet,
357 2171 441 2254 quod
450 2175 644 2232 ulcisceretur
655 2196 686 2234 ee
700 2171 736 2232 de
747 2174 883 2234 omnibus·
894 2175 1067 2254 regionibus
1080 2179 1163 2234 istis.-

68 2254 148 2316 ltinc
164 2259 353 2338 Satraparum
366 2258 508 2338 regnique
523 2268 626 2318 coacta
643 2258 779 2334 comitia,
802 2247 949 2319 exdrcitus
963 2262 1075 2338 vocati,
1098 2261 1164 2320 bel-

68 2341 99 2401 la
115 2342 250 2421 undique
266 2343 461 2419 denunciata,
483 2353 513 2402 et
528 2343 561 2400 in
580 2341 720 2402 Iudaeam
739 2342 852 2421 primae
869 2345 946 2403 acies
969 2345 1095 2422 effusae,
1112 2345 1165 2406 vel

71 2425 153 2504 quod
167 2427 274 2488 ludusa
288 2427 439 2508 Aegyptiis
456 2427 658 2488 desertoribus
674 2427 862 2504 conniveret,
883 2429 933 2488 vel
949 2433 1082 2510 quadp
1047 2454 1060 2490 a
1085 2451 1100 2488 e
1121 2431 1164 2490 li·
1172 2455 1173 2460 ¹

69 2509 207 2589 hertatis,
224 2513 341 2572 Persis
333 2534 366 2570 ιιι
378 2512 480 2572 llledos
494 2513 608 2591 priores
620 2509 787 2592 perduelles
796 2531 876 2570 arma
890 2513 1079 2574 moventibus
1092 2514 1164 2574 belli

70 2595 182 2656 sociam
206 2597 366 2675 adiungere
386 2617 417 2656 se
438 2597 631 2676 neglexisset,
661 2605 690 2655 et
710 2594 873 2675 Arphaxad
898 2595 984 2656 bledo
1007 2599 1164 2658 Persarum

69 2679 228 2760 imperium
241 2681 467 2759 detrectante,
458 2703 522 2762 ipsa
536 2681 687 2742 servitutis
702 2681 858 2760 impatiens
869 2679 971 2758 iugum
985 2683 1097 2761 pariter
1111 2700 1164 2740 ex-

71 2776 173 2826 cutere
189 2775 341 2826 tentasset.
383 2765 463 2825 llaec
477 2767 592 2846 aliquae
605 2767 686 2846 apud
699 2765 883 2826 Herodotum
899 2766 1038 2842 extantia,
1060 2775 1090 2825 et
1103 2765 1162 2824 mi-

70 2868 136 2910 rum
154 2851 185 2908 in
207 2851 328 2911 modum
344 2849 485 2912 historiae
501 2851 605 2912 ludith
625 2850 854 2928 consentientia,
877 2852 1006 2910 contulit
1024 2851 1061 2910 ad
1081 2849 1164 2910 invi·

73 2954 134 2994 cem
152 2935 232 2996 inter
243 2945 376 2996 recentes
391 2935 557 3016 scripturae
572 2947 602 2997 et
621 2935 762 2996 historiae
781 2956 882 2996 sacrae
895 2933 1071 3016 interpretes
1091 2950 1163 2996 eru-

72 3017 153 3080 ditus
167 3021 309 3080 Nicoleua
322 3019 453 3081 Abram
443 3041 476 3080 in
493 3021 606 3082 Veteris
622 3022 799 3081 Testamenti
813 3019 916 3080 Pharo.

154 3100 205 3166 Ἐν
217 3111 257 3192 τῆ
270 3111 323 3186 τῆς
335 3100 456 3187 Ἰουδηθ
470 3105 585 3192 βίβλῳ]
607 3107 696 3166 Plura
716 3128 793 3166 sacri
784 3105 893 3164 illius
909 3103 980 3165 libri
995 3105 1161 3166 testimonia
1178 3119 1208 3172 Ρ,
1223 3113 1260 3174 64

70 3188 174 3250 Iudith
192 3200 310 3270 tempus
329 3201 466 3271 reparato
484 3169 595 3271 templo
616 3191 790 3270 ludaeisque
811 3190 996 3270 postliminio
1017 3192 1164 3250 revocatis

70 3275 222 3354 posterius
238 3285 379 3336 asserunt.
410 3277 480 3356 Cap.
497 3275 527 3342 4.
548 3283 617 3344 ι.2
597 3281 771 3344 2Τνιιιιοι
793 3286 822 3335 et
836 3275 943 3334 horror
964 3279 1080 3334 inserit
1094 3297 1163 3336 aen-

70 3381 123 3418 sus
143 3383 260 3438 eorum,
282 3383 318 3419 ne
332 3361 388 3420 lios
396 3363 514 3439 faceret
527 3321 723 3420 Hierusalem
737 3371 764 3418 et
760 3361 884 3466 templo
900 3362 1038 3420 Domini.
1066 3363 1165 3422 Grae-

73 3465 125 3504 cus
141 3455 241 3506 textus
258 3445 433 3506 dilucidior:
454 3446 505 3509 nal
520 3444 609 3522 περὶ
604 3441 806 3546 Ιεροιισαλημ,
827 3447 946 3554 inquit,
956 3445 1008 3508 nul
1021 3451 1076 3510 τοῦ
1086 3451 1164 3510 rucei

70 3531 179 3632 upplun
198 3534 276 3594 Θεοῦ
290 3525 391 3593 αὐτῶν
408 3526 672 3612 ἐιιιριὶχθησιιν,“
654 3555 700 3592 οτι
719 3524 901 3612 προσφάτως
923 3521 1002 3610 ἦσαν
1018 3523 1164 3612 α’ναβεβη-

71 3609 152 3714 κᾶιες
163 3615 262 3696 ἕκτης
278 3617 485 3715 ιιίχμιιλωσίας.
527 3619 569 3674 Et
585 3613 621 3674 de
637 3617 830 3675 Hierusalem
852 3627 879 3674 et
902 3615 938 3674 de
963 3617 1070 3692 templo
1091 3618 1164 3672 Do-

71 3702 149 3758 mine
144 3699 222 3759 'Dei
236 3723 285 3759 sua
281 3700 416 3760 'turbati
429 3711 511 3777 sunt,
528 3703 604 3780 quia
617 3722 714 3760 recena
728 3700 926 3761 ascenderant
940 3722 961 3758 a
977 3701 1162 3777 captivitate,

70 3795 98 3842 et
115 3784 222 3848 eructi
242 3791 302 3862 πᾶς
324 3783 343 3849 d
361 3781 432 3859 lude
456 3785 660 3849 esestttseeos
681 3807 776 3866 nuper
795 3789 892 3846 omnis
902 3785 1039 3864 populus
1052 3784 1164 3859 fuerat

71 3882 284 3950 congregatus.
317 3871 388 3952 Cap.
404 3873 433 3937 5.
450 3891 480 3931 v.
497 3877 547 3937 22.
569 3870 722 3930 Antelios
739 3893 837 3930 annos
853 3891 922 3928 cum
943 3870 1128 3926 recessissent
1142 3889 1164 3926 a

70 3958 138 4026 seia,
161 3977 255 4035 quum
271 3955 393 4014 dederat
408 3957 474 4015 illis
489 3957 592 4028 Deae,
616 3965 651 4014 ιιι
663 3956 852 4014 ambularent
865 3957 898 4012 in
912 3975 957 4029 ece,
975 3955 1164 4010 exterminati

72 4051 142 4098 sunt
153 4043 283 4140 praeliis
298 4064 318 4100 u
332 4041 437 4100 multis
453 4000 646 4117 nationilius,
670 4051 699 4098 et
710 4041 842 4120 plurimi
856 4057 958 4100 eorum
975 4039 1091 4115 captiti
1110 4035 1163 4094 ali.

73 4123 158 4183 ducti
172 4138 245 4185 sunt
258 4129 291 4185 in
305 4137 416 4185 terram
428 4147 487 4186 non
502 4147 601 4186 suam.
646 4127 752 4204 Nuper
764 4135 865 4180 autem
879 4143 986 4182 reterre
982 4120 1042 4180 'ad
1053 4123 1162 4180 Domi-

72 4231 145 4269 num
159 4215 262 4272 Deum
273 4233 381 4288 suum,
401 4231 434 4268 ex
448 4209 647 4289 dispersione,
670 4229 734 4288 qua
747 4207 877 4286 dispersi
886 4209 1019 4285 suerunt
1030 4203 1163 4266 adunati

59 4309 152 4358 aunt.
177 4305 206 4357 et
224 4318 287 4376 cup.
310 4301 340 4362 8.
373 4296 443 4354 Non
462 4315 569 4356 sumus
594 4297 690 4354 secuti
702 4303 832 4374 peccata
842 4304 969 4373 patrum
982 4301 1163 4372 nostrornm,

142 4396 240 4466 θεοῖς.
257 4397 395 4465 syncellus.
414 4395 450 4448 ll.
915 4379 959 4445 32
