2888 4714
377 350 438 418 ET
457 345 807 420 ANNOTATIONES.
1053 334 1132 410 Ι461
1225 345 1227 350 ’

54 503 171 584 mereti,
193 523 249 566 ceu
261 504 393 588 propriis
405 505 542 570 Indicum
555 506 703 587 contenti,
722 526 786 568 non
801 504 965 568 debuerem
973 503 1070 588 priori
1081 525 1138 567 nu·

54 611 130 651 mero
144 591 275 652 annecti.

130 668 221 738 Καθ’
238 674 360 740 ἕκαστον
375 673 409 739 tii
421 679 483 740 reis
496 676 615 759 speeie]
641 676 763 738 Veiidse
784 675 874 738 buius
887 675 1062 738 obiectionis
1077 674 1137 736 im-

51 759 130 841 petui
141 761 298 840 propriam
314 763 401 821 αἰἰααι
417 762 586 841 opinionem
600 763 743 821 avertenti
756 762 908 839 Georgius,
925 772 1044 842 prester
1057 760 1137 820 Scri-

51 855 165 925 pturem
184 855 213 905 et
224 845 295 906 iidei
309 847 462 906 munimen
475 847 537 906 vim
549 847 660 906 illatam
674 845 754 904 haud
769 847 856 924 piens
867 847 1042 914 retundens,
1059 845 1137 906 nihil

52 929 187 1009 opponit.
215 931 308 991 Fevet
323 941 526 1008 argumentum
546 931 603 1006 iis,
625 931 677 1011 qui
692 951 708 988 e
724 929 838 989 deserte
858 930 991 1009 Aegypto
1008 931 1046 990 sei
1058 941 1137 990 tens-

52 1017 126 1094 plum
150 1013 309 1075 conditum
328 1017 408 1074 solos
430 1017 500 1082 440.
522 1015 572 1076 vel
594 1015 632 1074 ed
651 1035 799 1075 summum
822 1015 896 1079 480.
919 1033 987 1074 cum
1011 1015 1138 1074 Eusebio

52 1109 152 1179 putant
162 1120 276 1159 ennosz
299 1101 459 1180 eodemque
472 1099 632 1160 leoduntur
645 1100 778 1160 Africani
790 1099 838 1159 vei
855 1099 975 1176 Georgii
988 1119 1137 1178 sequaces,
1153 1105 1185 1159 P.
1198 1103 1234 1160 50

53 1185 97 1262 qui
116 1185 284 1264 prolixiori
305 1195 456 1264 tempore,
478 1195 507 1244 et
530 1185 601 1246 solie
620 1187 748 1266 quinque
770 1186 904 1260 Selenen,
927 1185 1022 1260 Boos,
1045 1182 1138 1258 Obed,

53 1269 136 1344 lesse,
162 1269 264 1328 David
286 1268 523 1330 Geneerclrerum
546 1271 694 1348 capitibus
715 1291 769 1352 per
790 1271 863 1340 740.
884 1269 1024 1336 ve1659.
1046 1284 1140 1327 enoos

53 1353 242 1414 numerandis
264 1348 450 1430 ιίπείθανον,
472 1365 508 1414 ut
527 1355 631 1415 scribit
647 1355 764 1416 Autbor
784 1365 915 1415 statuant
934 1353 1139 1417 παιδοποιίαν.

52 1437 139 1499 Verba
154 1458 252 1520 porro
266 1437 339 1496 haec
353 1447 383 1498 et
399 1459 473 1519 qnae
487 1449 652 1519 sequuntur
675 1449 799 1514 cuncta,
822 1441 915 1498 donec
929 1459 1092 1498 sermonem
1108 1457 1140 1496 se

53 1543 198 1584 resumere
216 1519 265 1582 his
285 1523 365 1599 eliis,
394 1521 450 1605 &poi
470 1521 503 1586 δὲ
517 1528 561 1609 τῷ
575 1525 652 1608 θείῳ
673 1535 728 1584 etc.
753 1523 898 1602 significet
917 1525 1079 1602 Georgius,
1100 1542 1140 1582 ex

53 1608 177 1668 Eusebio
197 1607 374 1687 depromptu
388 1609 571 1669 demonstret
585 1609 648 1669 eius
666 1608 767 1690 opinio
780 1609 886 1667 iisdem
901 1607 1061 1668 clarissime
1075 1617 1140 1667 tra-

53 1703 143 1752 ctata:
167 1713 258 1772 quere
272 1693 483 1772 apponendum
498 1694 574 1752 duxi
590 1691 684 1773 φησίν
699 1688 854 1776 Είσίβιος.

129 1771 183 1840 Ἐν
194 1769 250 1840 oo'.
268 1777 388 1856 ἔτεσιν]
410 1778 548 1858 Aprimo
560 1778 723 1854 Abraham,
747 1779 785 1838 ad
797 1797 906 1864 annuns
924 1785 993 1858 post
1009 1775 1070 1835 eius
1083 1795 1141 1834 ne-

52 1862 137 1921 telem
147 1863 220 1928 470.
235 1863 425 1922 novensistee
437 1873 633 1923 numerentur
645 1865 863 1942 generationes:
878 1861 1036 1937 sbnhem,
1050 1860 1153 1935 laese,-

50 1947 159 2022 Iecob,
181 1945 283 2023 ludas,
304 1945 431 2024 Pheres,
451 1948 564 2024 Esron,
584 1948 688 2023 hem,
709 1946 890 2026 eminadas,
911 1948 1051 2006 Nassson.
1077 1944 1142 2004 Sub

49 2049 204 2108 egressum
220 2049 257 2088 ex
270 2033 402 2111 Aegypto
418 2053 497 2092 anno
512 2033 643 2092 eiusdem
658 2031 792 2092 Abrahae
806 2033 878 2099 505.
902 2033 1035 2092 Naasson
1046 2028 1143 2091 tribus
1269 2081 1273 2096 ,

48 2114 149 2174 Iudee
164 2113 324 2194 principem
336 2119 387 2183 35.
400 2137 511 2176 annum
526 2119 658 2196 attigisse
669 2119 814 2198 supponit
830 2118 987 2177 Eusebius.

137 2191 189 2260 Ἐν
202 2193 236 2278 χ’.
249 2199 363 2281 ἕποιο]
387 2194 514 2282 Propter
530 2205 725 2265 παιδοποιίαν
738 2203 808 2262 aiios
821 2197 990 2266 ιίπιίθιινον
1004 2208 1035 2260 et
1047 2199 1144 2260 inere-

53 2283 191 2360 tibilem,
211 2305 273 2344 non
288 2287 399 2348 fatetur
413 2287 557 2346 Eusebius
575 2287 655 2346 inter
674 2288 811 2346 Exodum
829 2297 859 2348 et
873 2287 978 2368 templi
995 2305 1070 2366 opus
1090 2285 1143 2344 in·

54 2379 172 2450 ceptum
194 2374 267 2436 600.
291 2391 385 2432 ennos
402 2371 574 2452 ponendos:
595 2371 763 2431 Recolende
779 2372 917 2453 superius
939 2371 1049 2450 scripta
1069 2379 1143 2430 note

53 2454 190 2534 proxime
205 2456 343 2515 secunde.

135 2540 204 2616 Peg·
227 2543 299 2605 176.
325 2536 368 2602 Tei
381 2534 442 2604 oss'.
458 2539 528 2621 Erip]
550 2539 789 2600 Emendationem
804 2537 883 2597 banc
895 2537 988 2616 exigit
1001 2535 1145 2598 Eusebius

55 2623 91 2683 ad
109 2645 218 2684 annum
237 2623 372 2684 Abrshee
387 2627 458 2692 505.
475 2647 534 2705 quo
549 2627 679 2707 populus
695 2627 828 2704 Aegypto
845 2623 951 2683 relicte
971 2619 1084 2700 recepit
1103 2618 1147 2676 li-

55 2707 203 2770 bertetem.
245 2709 296 2768 Ab
311 2709 369 2768 ίιοο
389 2711 452 2769 loco
468 2709 511 2768 ud
527 2713 714 2770 Salomonem
739 2721 766 2767 et
782 2709 885 2788 templi
906 2704 1147 2785 aedificationem

57 2805 254 2854 numerantur
276 2797 352 2854 anni
368 2795 440 2862 480.
484 2795 551 2868 Qua
569 2817 660 2878 porro
684 2795 801 2856 retione
815 2791 968 2853 servitutis
983 2789 1147 2866 interregni

56 2880 195 2960 pacisque
210 2879 316 2958 viginti
333 2899 421 2960 supre
436 2889 554 2940 centum
569 2903 663 2944 ennos
680 2881 825 2940 duntsnst
839 2885 976 2938 numeret
992 2873 1146 2948 Eusebius,

57 2963 125 3024 mibi
146 2985 212 3025 non
232 2973 364 3041 constet,
390 2964 450 3024 nisi
469 2966 549 3044 quod
567 2987 585 3025 e
606 2967 678 3034 480.
699 2965 738 3026 ed
758 2969 830 3032 600.
850 2960 1019 3024 numeranti
1038 2957 1147 3040 viginti

58 3067 144 3128 supra
161 3059 283 3110 centum
298 3049 427 3110 addendi
442 3061 609 3114 occurrent.

133 3129 210 3217 ‘Eyoi
230 3131 264 3198 bi
279 3138 324 3221 spi
342 3135 420 3220 θείῳ
443 3129 557 3219 Παύλῳ
570 3134 673 3222 scirpi
685 3138 747 3198 sois
761 3136 872 3216 spurcis
894 3131 988 3216 βίβλῳ
1009 3125 1144 3210 ἕπομαι]

59 3217 96 3277 Ut
107 3219 188 3280 inter
204 3239 352 3298 egressum
369 3239 407 3280 ex
420 3221 555 3300 Aegypto
573 3232 604 3282 et
615 3221 721 3302 tempii
734 3219 888 3280 conditum
902 3235 1050 3278 annorum
1070 3217 1142 3284 659·
1161 3213 1193 3270 V·
1206 3209 1243 3270 4⁶

61 3305 185 3384 spetiem
202 3313 334 3381 astruet,
355 3303 414 3366 hoc
427 3305 541 3366 ordine.

136 3389 228 3452 Mosis
247 3392 434 3470 praefectura
455 3390 625 3450 continuste
647 3397 691 3449 est
711 3388 796 3449 annis
818 3387 871 3454 40.

138 3475 225 3535 Iosue
245 3474 326 3534 rexit
345 3477 489 3555 populum
511 3477 597 3534 ennis
619 3480 669 3543 27.

140 3559 278 3619 Seniores
300 3559 441 3620 defuncto
461 3560 549 3620 losse
569 3560 808 3640 gubernaverunt
829 3556 915 3617 ennis
936 3561 986 3624 18.

141 3647 249 3704 Secuta
269 3652 320 3704 est.
334 3645 429 3724 prime
450 3645 579 3706 servitus
600 3645 654 3705 sub
677 3643 795 3706 Chusan
816 3643 901 3704 annis
922 3646 951 3705 8.

139 3730 258 3790 Primus
280 3729 376 3790 Iudex
397 3728 538 3788 Othonicl
561 3731 647 3791 ennis
668 3729 720 3796 40.

142 3815 279 3874 Secunde
300 3815 429 3874 servitus
450 3815 609 3874 Moabitica
630 3815 715 3874 annis
737 3817 786 3880 18.

140 3899 296 3960 Secundus
316 3899 413 3959 ludex
433 3899 500 3959 Aod
520 3901 605 3960 ennis
627 3903 677 3968 80.

141 3984 241 4044 'i'ertie
263 3983 390 4044 servitus
412 3983 585 4044 Chanensee
608 3985 693 4044 sonu
714 3987 764 4050 20.

141 4069 259 4129 Debere
281 4088 349 4128 cum
370 4069 464 4130 Berec
485 4071 570 4129 annis
590 4069 641 4137 40.

141 4153 257 4229 Quertu
278 4153 406 4214 servitus
427 4153 616 4216 Medionitics
636 4151 721 4214 suuis
743 4153 774 4214 7.
904 4197 907 4202 ι

145 4239 268 4299 Gedeon
290 4237 376 4298 annis
397 4237 447 4305 40.
829 4245 832 4256 “
880 4259 894 4277 ··

146 4321 319 4386 sbimueet
339 4321 426 4384 ennie
445 4327 475 4391 8.
