2888 4714
375 373 436 438 ΕΤ
453 369 808 443 ANNOTATIONES.
1067 359 1145 438 446

58 537 116 606 est,
134 527 217 608 quod
236 527 389 608 pauciores
413 549 502 609 quam
524 530 661 611 plerique
681 530 820 593 authores
839 538 996 612 agnoscat:
1024 529 1145 611 dequo

61 615 197 694 Georgius
219 613 300 674 inira
320 635 351 720 p.
374 617 443 680 168.
742 680 752 696 ,

133 693 311 772 Πολύαινος
324 696 509 778 dilatoriae]
525 697 601 757 Vide
616 719 653 758 no
666 697 748 760 hunc
761 699 968 761 Atheniensem
982 721 1049 760 cum
1065 700 1146 761 οἰσο-

60 785 118 844 dem
130 784 265 844 nominis
281 783 443 844 Macedone
459 783 650 860 confuderis,
672 786 710 844 de
725 805 784 866 quo
799 785 922 864 suidas,
942 794 1022 846 etex
1037 805 1072 845 co
1087 785 1147 845 Gu-

59 872 210 931 saubonua.
255 870 422 945 Utrumque
442 868 534 926 refert
557 867 690 928 Vossius:
720 889 756 928 ac
775 869 811 928 de
832 869 891 928 loto
910 868 1082 932 Atheniensi
1101 871 1147 932 nil

59 963 164 1034 praeter
189 973 313 1016 nomen.
356 951 517 1012 Haeccine
535 951 759 1033 dictalagcsin
773 953 921 1014 Chronico
941 953 1086 1016 Alexand.
1107 955 1146 1016 sd

62 1038 266 1119 Olympiadem
288 1043 340 1106 60.

133 1117 313 1199 Ζεύξιππος
327 1121 377 1201 ἔτη
391 1115 437 1202 22]
460 1119 520 1196 Qui
537 1120 631 1182 latona
647 1119 799 1202 hucusque
815 1123 876 1185 MS.
898 1141 982 1184 orror
1001 1121 1035 1180 in
1050 1121 1145 1182 lucem

63 1209 189 1289 erumpit.
239 1207 449 1287 Sicyoniorum
472 1226 574 1284 regum
588 1215 618 1266 ct
631 1208 823 1268 Sacerdotum
844 1229 988 1268 summam
1002 1205 1053 1264 hic
1068 1206 1147 1266 scri-

62 1303 129 1372 ptam
143 1293 237 1354 annia
250 1292 409 1354 duodecim
424 1292 539 1370 privata
555 1291 740 1370 singtdorum
753 1303 889 1374 tempora
909 1298 1059 1374 soporant
1087 1291 1147 1350 Er-

63 1379 127 1437 roris
140 1379 247 1439 sedem
260 1377 404 1436 Eusebius
420 1397 436 1434 a
450 1375 578 1454 Georgia
591 1378 723 1438 numeris
742 1378 878 1438 diversus
895 1389 978 1438 certo
1000 1395 1148 1460 nusquam

63 1461 323 1538 demonstraverit,
345 1481 383 1520 ex
394 1461 549 1540 utriusque
568 1459 640 1520 licet
654 1463 773 1541 scriptis
790 1463 971 1524 adinvicem
989 1481 1146 1541 comparo-

62 1547 93 1606 tis
103 1547 330 1622 emendationis,
353 1567 439 1624 quam
455 1544 687 1624 chronologicae
700 1546 816 1607 tabulae
830 1547 969 1625 offerunt,
990 1547 1147 1627 desumpta

63 1630 93 1688 sit
111 1633 271 1697 coniectio.
315 1627 465 1690 Librarius
483 1631 547 1710 ipse
569 1650 631 1690 non
653 1631 789 1710 ignorato
806 1633 1002 1713 paralogismo
1018 1632 1147 1692 ciusdem

62 1717 125 1795 styli
142 1718 246 1776 cilicio
267 1713 388 1794 scripsit
406 1716 438 1774 in
455 1715 592 1793 margine.
634 1707 804 1796 ἆσύμφωνοὶ
820 1715 881 1780 loro
895 1713 932 1779 sol
951 1715 1000 1796 lxo
1015 1720 1075 1777 coir
1090 1719 1147 1775 Σι-
1279 1727 1283 1750 ’

63 1803 193 1865 romolono
215 1799 363 1882 βασιλέοιν
390 1796 463 1882 πρὸς
482 1797 538 1881 τήν
558 1802 751 1880 στοιχείωσιν.
782 1794 830 1882 ιβ’.
858 1796 916 1884 γὰρ
936 1799 1011 1864 ἐτοῖν
1037 1794 1147 1902 dmepp'-

62 1907 127 1946 ιοντ
147 1930 155 1946 .
177 1931 186 1945 .
207 1930 216 1945 .
239 1879 441 1968 (ὕοιρήιιοντά
456 1885 534 1958 ἐστι,
555 1885 604 1944 vel
626 1884 698 1944 alias
717 1883 906 1968 ὖιιερβοίνει)
926 1889 982 1966 τῆς
1001 1903 1148 1962 στοιχειω·

63 1989 141 2042 σεως.
172 1975 260 2032 τοῦτο
282 1967 314 2032 dl
336 1965 419 2050 οἶμαι
447 1965 570 2047 σφάλμα
592 1959 633 2048 ἦν
654 1967 687 2032 ἐκ
709 1973 771 2032 τοῖν
792 1966 1014 2054 ιιαλλιγρᾶφων.
1064 1969 1149 2042 Quae

61 2073 154 2130 porro
166 2055 292 2133 Scaliger
301 2074 367 2134 pag.
383 2063 483 2114 textus
501 2059 552 2121 26.
568 2073 606 2113 ax
617 2051 664 2114 his
677 2053 832 2133 immutat,
852 2055 1055 2116 manifestiora
1068 2061 1149 2130 suut,

64 2147 487 2306 quaml'ldldibldlwllllitdldeom
505 2220 554 2302 ἔνη
573 2218 649 2301 71)ξῖ
651 2221 671 2304 ]
691 2217 925 2306 Interpolantem
945 2243 993 2284 me
1011 2243 1063 2283 sua
1078 2231 1147 2284 tue-
1160 2219 1194 2276 P·
1210 2215 1247 2278 4⁴

64 2313 109 2364 tur
121 2305 301 2370 authoritate
315 2307 458 2388 Georgius
475 2308 606 2367 scribens
624 2329 689 2388 pag.
704 2315 754 2375 97.
772 2305 849 2390 5κῆ
863 2309 1042 2374 Σικυωνίων
1063 2309 1152 2390 poos-

67 2392 124 2451 λεία
137 2388 249 2475 ἤρξατο
274 2390 335 2457 clud
358 2391 478 2476 ccciccc
495 2391 638 2473 βασιλέως
652 2391 817 2473 Αἰγιαλέως
833 2393 887 2468 ἕως
900 2389 954 2465 ις’.
976 2394 1151 2468 Ζευξίππον

68 2473 111 2535 lnl
124 2475 171 2558 im
191 2477 370 2560 drapoilooso
393 2473 475 2554 905(st
498 2477 624 2536 eundem
644 2495 802 2536 numerum
818 2478 922 2536 scribit
934 2477 1065 2554 Scaliger
1085 2497 1153 2558 pag.
1278 2521 1281 2532 .

70 2559 147 2619 citata
170 2559 252 2643 (uam
271 2573 301 2622 et
316 2563 430 2641 singulo
444 2581 546 2640 regum
561 2572 694 2640 tempora
709 2569 800 2640 prout
811 2560 901 2619 habet
922 2561 1067 2638 Georgius
1081 2563 1154 2621 red·

70 2641 121 2722 dit)
139 2647 283 2708 Eusebiua
298 2657 397 2708 tamen
417 2657 453 2706 ut
471 2646 588 2726 privata
604 2665 705 2724 regum
721 2655 854 2725 tempora
869 2645 1085 2720 diversimode,
1109 2646 1154 2704 ita

71 2746 202 2793 summam
222 2753 263 2794 ox
284 2731 321 2792 iis
346 2731 502 2791 collectam
516 2729 659 2791 subducit
676 2733 760 2789 annia
780 2729 914 2812 quinqua
928 2729 1090 2806 minorem5
1116 2747 1154 2788 ac

71 2810 106 2870 ila
119 2815 194 2878 Geor
214 2819 276 2878 'um
291 2837 354 2876 non
366 2817 527 2876 Eusebium
542 2815 674 2876 restituit
691 2815 830 2894 Scaliger.

145 2905 308 2984 Κροιωιιος
328 2901 378 2982 ἔτη
397 2895 465 2979 κδ’]
497 2900 716 2961 correctionem
733 2895 819 2986 Ιὄνθ’.
837 2899 905 2960 vica
924 2891 1005 2984 ,eryt
1026 2895 1154 2978 Triopaa

73 2981 195 3121 1distrui
215 3010 236 3049 a
255 2987 363 3048 msmdi
379 2989 473 3054 3993.
494 2985 674 3067 incipientes
692 2995 722 3046 et
733 2987 767 3045 iu
779 2988 871 3054 4029.
894 2983 1060 3045 desinentes
1073 3002 1152 3064 pro·

90 3079 141 3128 aut.

52 3186 55 3202 ι
142 3147 284 3240 hippalum
302 3145 344 3218 θ’.
368 3153 582 3237 ἐβασίλευσεν]
618 3155 725 3216 Totum
742 3153 821 3216 hanc
843 3151 1015 3236 periocham
1035 3151 1070 3212 in
1090 3151 1153 3214 MS.

75 3232 257 3300 desideratam
272 3239 469 3320 supplendam
486 3241 590 3302 conani
605 3261 643 3300 ox
657 3241 756 3302 verbio
771 3239 973 3321 sequentibus.
1015 3238 1091 3316 psol
1111 3259 1154 3300 τι-

75 3339 116 3394 νες
128 3318 171 3387 ὅτι
191 3321 267 3407 perd
284 3323 445 3389 Σθένελον.
467 3334 553 3386 etex
568 3347 692 3386 numero
710 3319 792 3411 Μ.
819 3323 943 3405 Crotopi
961 3322 1050 3384 aetati
1066 3341 1168 3388 man-⁴

77 3401 135 3465 loss
157 3411 278 3487 addito,
307 3409 392 3490 quasi
411 3411 474 3470 eius
496 3409 617 3470 initium
636 3420 726 3486 esset,
748 3409 800 3489 qui
824 3409 894 3470 finis
917 3417 981 3483 ost,
1012 3417 1042 3468 et
1063 3407 1154 3470 huius

78 3487 196 3554 Stheneli
214 3495 331 3577 primns
352 3515 464 3573 annus,
486 3495 594 3574 eteius
616 3497 705 3556 aetati
725 3495 946 3574 conquadrans:
968 3493 1076 3554 made
1097 3512 1155 3552 un-

78 3570 160 3637 decim
174 3581 248 3640 anni
264 3579 403 3641 Sthenelo
418 3579 512 3640 eidam
530 3599 567 3640 ax
582 3580 703 3642 Eusebii
717 3580 814 3640 Latini
826 3579 1006 3642 authoritate
1017 3575 1156 3637 attributi

78 3655 205 3803 &stipant
226 3665 261 3726 iu
279 3663 373 3726 Danai
397 3664 548 3746 primum,
569 3675 600 3726 et
614 3663 722 3726 mundi
736 3665 830 3734 4064.
851 3667 969 3746 dequo
990 3681 1058 3743 pag.
1081 3659 1155 3726 155.

147 3825 190 3895 id
204 3830 348 3920 drusion]
369 3833 436 3894 Una
450 3831 635 3912 Promethei,
657 3833 750 3896 altera
765 3831 869 3894 Inachi
883 3831 945 3892 lilia
963 3837 1009 3888 ast
1021 3827 1064 3888 lo'.

142 3911 283 4000 Ἐοισφος
302 3919 432 4000 Μέμφιν
445 3917 580 4000 ἔκτισιν]
600 3920 745 3980 Eusebium
757 3919 795 3980 ad
811 3935 921 3978 annum
937 3911 1070 3975 Abrahae
1084 3913 1158 3976 279.

81 3990 216 4079 Muupdia
230 4009 264 4064 ἰν)
276 4005 414 4084 Aegypto
429 4005 469 4063 ub
481 4004 548 4085 Apo·
567 4003 701 4067 modica.
743 4003 793 4064 Ad
809 4022 902 4062 annos
923 3998 995 4080 Apis
1015 3994 1159 4077 appendit

81 4076 184 4146 tumor
205 4089 318 4170 pariter
340 4090 392 4154 iol.
416 4091 490 4157 119.
508 4091 542 4150 Β.
585 4088 714 4170 Μέμφις
733 4087 766 4152 lv
782 4081 927 4172 Αἰγύπτῳ
941 4079 1015 4147 nord
1033 4073 1159 4154 τούτους

83 4155 191 4250 balaa„
202 4170 273 4248 rode
286 4168 419 4256 χρόνους.
461 4173 607 4234 anobius
617 4175 728 4234 iterum
742 4172 781 4232 ad
797 4191 908 4232 aunum
931 4164 1066 4230 Abrahae
1086 4163 1160 4234 524.

82 4241 218 4328 Erepto·
237 4257 331 4338 filius
356 4259 389 4319 Io
414 4269 443 4318 et
467 4259 550 4318 lovis
575 4258 741 4338 Meuspdim
763 4253 902 4320 condidit
929 4274 999 4314 cum
1020 4253 1159 4332 Aegypto

82 4335 219 4402 secundae
234 4355 379 4425 regnaret.
418 4343 560 4426 Idemque
573 4343 658 4426 qood
668 4339 722 4402 hic
739 4339 857 4405 rumor
864 4337 1005 4423 Ἔοιοφος
1017 4332 1092 4415 Ἰοῦς
1104 4339 1159 4418 τοῖς
