2888 4714
269 365 346 443 454
634 369 981 444 EMENDATIONES

268 535 375 610 fidem,
395 552 524 594 errorem
535 531 660 615 perinde
678 530 930 612 exprobraturus,
951 528 1068 589 incurat
1085 529 1247 608 Scaligm'l
1267 531 1378 613 Caput

270 618 466 678 accusationis
480 628 541 695 eat,
562 618 643 698 quod
656 635 760 696 regum
774 615 964 694 Assyriorum
977 635 1136 674 umnamna
1155 626 1187 674 et
1199 635 1292 675 annoa
1312 619 1376 678 do.

269 703 436 783 acripturaa
460 703 605 764 Euaebiaa
628 701 764 762 dlricaui
784 701 929 760 laterculo
956 699 1047 759 luent
1064 719 1155 759 uana:
1188 701 1368 761 Africanum

268 807 359 870 porro
378 807 461 866 regen
480 789 531 854 41.
560 796 766 848 numerantem
788 785 897 845 darent
924 785 1084 858 Euaebiua,
1115 794 1147 844 et
1166 803 1205 843 ex
1223 787 1367 848 Africani

268 873 354 949 albo,
375 873 545 952 quotvult,
565 872 682 951 regibua
702 870 876 952 munatio,
897 869 976 929 aoloa
999 872 1051 936 86.
1069 879 1216 945 racenaat,
1238 881 1272 930 et
1290 891 1369 951 per.

266 957 338 1016 inda
363 967 506 1037 aequutua
527 957 716 1029 Africanum,
744 954 1006 1016 Africanideaerit
1024 953 1240 1015 authoritatem.
1285 957 1367 1029 Quo

267 1051 358 1118 terta,
380 1063 440 1122 quo
462 1043 552 1103 nixae
565 1041 710 1116 authore,
732 1060 771 1100 ex
793 1039 925 1100 Africani
944 1039 1143 1098 monumentia
1163 1039 1360 1119 raynerum

266 1145 370 1206 regum
394 1127 571 1206 diagramma
595 1126 749 1205 digeaaiaae
774 1123 934 1184 Euaebium
957 1123 1090 1203 Scaliger
1118 1124 1260 1184 raaeruit'l
1291 1125 1361 1184 uui

267 1211 403 1273 Africani
414 1211 611 1272 laterculum?
634 1209 768 1270 Contulit
783 1229 852 1270 cam
866 1209 984 1268 Euaebii
1004 1209 1223 1288 diagrammate,
1236 1207 1278 1268 'ut
1290 1209 1359 1270 hoc

267 1297 380 1358 exalia
398 1295 559 1356 deductum
571 1294 744 1355 atteatetur'l
765 1293 810 1352 lta
823 1293 964 1366 coniecit,
985 1293 1027 1352 ita
1047 1295 1172 1374 placuit.
1210 1297 1249 1354 tt
1262 1313 1355 1374 quarta

266 1381 398 1441 incertae
412 1380 496 1439 tertia
505 1425 514 1457 ,
536 1390 566 1440 et
581 1399 722 1461 praecepa
736 1377 829 1438 iudex
844 1378 1020 1438 aententiam
1035 1379 1145 1439 tulerit
1164 1380 1260 1460 paucio
1277 1381 1355 1438 edo-

267 1473 316 1526 cet
333 1473 433 1524 noeter
454 1465 617 1544 Georgica,
640 1465 692 1545 qui
712 1483 774 1524 non
789 1463 938 1539 Airicnni,
963 1465 1016 1522 aed
1031 1464 1168 1523 Castoris
1181 1463 1356 1524 authoritate

265 1549 344 1610 aoloa
363 1549 414 1616 86.
438 1549 628 1630 Aaayriorum
654 1569 736 1626 reges
764 1549 947 1614 recemulaaa
969 1547 1017 1607 hia
1037 1549 1138 1608 verbio
1158 1549 1292 1610 affirmat.
1333 1549 1357 1613 ὅ

264 1631 417 1714 Εὐσέβιος
427 1639 471 1721 rpi
485 1629 618 1716 Κάστορι
632 1639 746 1716 μᾶλλον
759 1626 990 1712 ἀκολουθήσας,
1012 1625 1050 1695 mi
1061 1633 1112 1695 arai
1124 1629 1184 1712 τὴν
1196 1636 1356 1718 paproplaar

264 1713 442 1800 προήγαγεν.
478 1719 561 1798 Regii
575 1721 679 1779 aaltem
692 1719 853 1796 marginem
868 1717 1125 1777 animadvertiaaet
1137 1721 1281 1798 Scaliger3
1308 1715 1358 1783 ira

264 1807 306 1887 api
319 1797 451 1884 Κάστορι
466 1797 630 1866 οἷκολοοθεῖ
642 1798 802 1884 Εὐσέβιος.
845 1801 925 1862 Ηοοο
938 1801 1050 1882 paritor
1065 1803 1089 1861 ai
1105 1803 1290 1864 obaerraaaet
1303 1807 1362 1864 Pe-

264 1887 364 1949 taviua
382 1888 434 1948 lih.
460 1895 491 1957 9.
516 1889 553 1948 da
578 1889 663 1948 Doct.
683 1888 785 1966 Temp.
804 1905 869 1966 cap.
894 1893 943 1954 12.
962 1887 1078 1946 divaraa
1104 1889 1220 1967 penitae
1244 1891 1303 1948 tela
1322 1891 1359 1949 in

263 1973 442 2052 Scaligerunr
463 1972 665 2034 adversarium
684 1971 884 2032 contoraiaaet.
928 1973 1032 2030 Caator
1053 1993 1145 2051 porro
1167 1983 1358 2050 memoratur,

262 2055 306 2116 ait
326 2059 447 2130 Suidaa,
477 2051 680 2136 (γιοοοοίμοιιοι,ἱ
702 2055 892 2134 cognomina,
924 2055 962 2116 da
982 2056 1149 2136 Babylona,
1176 2059 1281 2134 atila,
1304 2059 1364 2138 qui

262 2141 352 2202 maria
371 2141 565 2200 obtinuerunt
584 2139 759 2218 imperinm,
790 2139 955 2200 Chronicoa
976 2159 1106 2216 erronea,
1135 2151 1167 2201 at
1188 2143 1246 2202 alia
1263 2145 1365 2203 edidit

263 2224 471 2282 commentaria
477 2267 487 2300 ‚
508 2223 546 2284 dc
568 2223 675 2304 quibua
693 2224 816 2303 Suidaa,
838 2235 868 2287 et
889 2225 1035 2287 Eusebius
1058 2225 1098 2286 ad
1119 2247 1231 2287 aunum
1260 2229 1364 2289 aura-

261 2305 317 2370 hae
337 2311 408 2373 881.

345 2393 413 2468 Peg·
433 2393 503 2458 169.
523 2386 574 2455 Ἐν
587 2387 716 2480 οιῗδεμιᾷ
729 2397 792 2458 τοῖν
805 2397 909 2478 τριχῶς
926 2393 1116 2477 nepotiana]
1138 2395 1175 2456 ln
1188 2393 1262 2456 haec
1275 2397 1359 2458 Sca-

261 2475 337 2554 liger
353 2475 509 2538 animadv.
531 2497 596 2556 pag.
619 2479 692 2545 254·
734 2479 858 2540 Acriter
878 2499 947 2538 eum
960 2481 1092 2540 Eueehio
1108 2481 1253 2561 Georgica
1266 2503 1359 2562 eupo-

261 2561 377 2636 atulat,
399 2559 482 2642 quod
494 2565 661 2643 propositio
680 2563 780 2624 tribua
800 2563 1000 2641 editionum,
1025 2567 1145 2625 Graeca
1162 2573 1212 2633 70.
1256 2567 1364 2627 inter-

256 2657 392 2730 pretum,
411 2645 567 2706 Hebraico
583 2645 778 2724 Iudaeorum,
795 2649 951 2708 Hebraiaa
966 2653 1211 2727 Samaritarum,
1231 2653 1364 2712 nullam

261 2743 364 2792 tamen
375 2751 482 2790 earum
493 2735 639 2812 arquitur.
680 2737 842 2793 Praeterea
856 2732 941 2814 quod
952 2755 1035 2815 rrgee
1047 2737 1359 2814 Aaayriarummuai-
1439 2737 1440 2759 ³

260 2816 387 2890 laverit,
414 2828 450 2876 ut
466 2821 598 2875 rationea
611 2839 688 2876 auae
700 2829 851 2898 aequaret.
872 2819 954 2879 llaec
965 2821 1017 2880 illa
1033 2821 1190 2900 Georgium
1205 2821 1356 2899 ηἰετοηο,

259 2919 317 2960 nec
331 2901 519 2960 Euaehiuma
535 2903 659 2978 Georgia
675 2903 847 2962 damnatum
870 2905 906 2961 ah
924 2903 1157 2965 hallucinatione
1178 2905 1359 2971 vendicana.
1438 2909 1439 2969 l

259 2983 341 3042 ldem
355 2984 510 3044 hulmedo.
522 3005 588 3065 pag.
605 2987 655 3052 35.
671 2987 829 3045 Euaebinni
848 2987 981 3069 computi
995 2989 1032 3047 ab
1047 2991 1116 3050 aliia
1129 2989 1364 3069 Chmuologicia

258 3067 292 3126 in
304 3087 400 3126 annor
415 3067 453 3126 ab
467 3089 499 3126 eo
513 3073 639 3129 omiraoa
649 3081 773 3150 propter
792 3075 914 3134 Kolonia
933 3069 1090 3156 δεύτερον,
1113 3087 1142 3134 et
1155 3075 1237 3134 aliua
1251 3081 1362 3136 ratio-
1437 3127 1438 3144 .

259 3171 328 3224 nea,
358 3173 438 3230 quae
453 3151 598 3231 producit
628 3157 777 3235 Georgiua
799 3155 897 3216 reiicit
918 3155 1131 3240 differentiam.
1166 3163 1361 3220 Praeteriru'e
1437 3153 1438 3179 ¹

259 3239 337 3294 mim
356 3235 475 3296 Cainan
490 3239 620 3297 alterum
628 3283 637 3316 ‚
659 3244 716 3320 qui
727 3241 841 3320 legitur
854 3244 932 3300 inter
941 3253 1078 3320 poeteroa
1093 3246 1157 3304 Noe
1173 3247 1206 3304 in
1220 3243 1357 3304 editione

258 3325 312 3385 70.
333 3321 500 3382 Saniorum.
542 3323 651 3403 Itaque
678 3335 722 3383 eat
743 3321 894 3406 ἀλογιστία
912 3329 1093 3403 familiaria
1117 3329 1266 3400 Eusebio,
1294 3335 1356 3410 qui
1436 3319 1437 3387 l

258 3423 319 3464 non
333 3408 501 3464 meminerit
517 3429 548 3466 aa
566 3411 703 3468 omiriaee
722 3409 811 3468 illum
831 3406 966 3490 Οιιίοαιι,
987 3424 1016 3474 et
1037 3425 1139 3473 tamen
1152 3413 1232 3474 dicit
1243 3435 1358 3475 aecum-

258 3485 334 3548 dum
349 3495 400 3555 ⁴70.
422 3491 597 3570 interpreter
610 3515 770 3554 numerum
784 3498 831 3553 ita
844 3495 960 3556 habere.
1435 3513 1436 3597 γ

344 3568 467 3636 Grinario
478 3571 630 3657 πρόδηλον
644 3573 711 3657 iro]
734 3579 863 3658 Scaliger
878 3581 1031 3643 Animadr.
1045 3601 1110 3662 pag.
1131 3581 1181 3650 14.
1217 3581 1354 3644 Videbat

257 3653 425 3740 (Euaabiua)
445 3659 527 3720 hunc
539 3663 611 3738 fere
629 3667 764 3724 omnium
782 3668 962 3744 romptorum
977 3687 1151 3728 camerarum
1164 3689 1242 3746 eree,
1265 3669 1354 3729 Tear-
1434 3679 1435 3720 ῑ

256 3754 363 3818 tanen,
392 3747 454 3804 aive
480 3747 644 3805 Teutamon
665 3753 717 3814 27.
745 3749 944 3828 Amyriorum
962 3773 1059 3832 regem
1078 3757 1238 3834 suppetiae
1256 3757 1356 3816 irim
1434 3727 1435 3807 i

255 3829 383 3888 Priamo
390 3851 402 3905 3
422 3841 450 3888 et
463 3841 562 3890 tamen
574 3831 613 3890 ab
625 3833 691 3890 eiua
703 3835 792 3892 initio
805 3831 851 3894 ad
862 3833 1011 3895 axcide'um
1023 3837 1134 3897 Troiae
1147 3839 1353 3899 interuallum

255 3933 318 3970 aare
341 3915 412 3980 246.
434 3935 469 3972 ex
494 3913 735 3976 dinumeratione
757 3917 912 3995 Africani.
957 3919 1112 4000 Quomodo
1134 3925 1235 4004 igitur
1258 3935 1354 3985 tanto
1433 3949 1434 4017 γ

252 3995 498 4058 Araaalrrcnirmo
515 4013 682 4060 occurreret
703 4003 801 4062 aliam
819 4005 903 4064 viam
922 4023 982 4064 non
1003 4011 1128 4086 reperit,
1150 4029 1249 4088 qaam
1267 4012 1299 4068 ai
1321 4013 1353 4078 4.
1432 4077 1433 4088 ἶ

255 4101 355 4160 regen,
377 4087 434 4162 qui
440 4095 513 4164 port
531 4087 685 4146 Teutaraen
696 4099 878 4167 regnarunt,
901 4101 1087 4172 expungeret,
1107 4097 1197 4151 etita
1211 4105 1353 4174 tempora
1432 4101 1433 4132 l

259 4167 391 4222 troiana
404 4189 495 4246 regno
519 4171 664 4231 'I'eutania
676 4170 921 4232 accommodaret.
963 4177 1047 4235 Hinc
1068 4175 1182 4236 accidit
1196 4182 1352 4258 primum,
1432 4133 1433 4227 i

253 4255 289 4302 ut
314 4267 429 4307 annum
451 4255 527 4311 Nmi
550 4255 601 4321 43.
623 4277 684 4336 quo
705 4255 866 4324 Abraham
891 4269 998 4318 natum
1019 4259 1080 4318 ridi
1093 4266 1256 4341 perauarit
1274 4266 1344 4330 243.
1431 4291 1432 4324 ι

252 4330 344 4386 annia
353 4338 548 4406 posteriorem
552 4339 680 4418 sociate
697 4337 803 4403 deinde
819 4351 855 4403 ut
863 4363 924 4423 pro
937 4346 987 4416 41.
1002 4345 1125 4428 regiiua
1143 4346 1344 4440 Arqriorum
