2944 4716
453 369 810 480 mancationes.
1104 361 1181 440 aaa

80 531 136 612 git.
177 529 260 594 Haec
285 529 325 592 de
348 528 512 612 Nicephori
536 541 671 612 tempore
691 529 824 594 breviter
844 530 885 593 ad
906 529 971 592 eina
997 528 1184 602 breviarium

83 617 265 694 chronolog.
286 625 367 696 geata
382 617 434 696 qui
450 615 533 676 rol'et
553 615 683 698 amplius
701 618 828 678 deducta
843 617 966 678 Surium
978 618 1047 678 loco
1064 639 1183 680 menre-

81 713 169 778 rato,
189 703 342 762 Menneum
369 704 408 759 ad
429 705 480 767 13.
501 701 603 762 Martii
627 709 656 760 et
675 700 753 760 lunii
774 703 887 781 pariter
911 707 961 769 13.
982 705 1181 782 Anaetaeiuan,

81 787 265 864 cedrenum,
297 789 444 846 Zonaram
468 785 577 862 adibit,
606 794 637 846 et
658 784 870 866 Theophanem
891 789 1066 868 propediem
1083 791 1183 852 lucem

82 881 287 953 aspecturnm,
310 881 339 932 et
357 872 508 952 prolixam
530 871 593 930 eiua
616 869 773 930 hietoriom
798 871 921 951 reliquia
945 875 1083 952 operibus
1106 897 1123 935 a
1147 877 1181 942 Ρ.

81 959 188 1018 Franc.
212 957 358 1016 Coinbeiia
377 958 446 1016 data
469 956 565 1036 praeli
586 958 810 1037 opportunitate
828 956 1078 1038 praemittendam
1093 978 1184 1040 prae-

81 1043 250 1102 stolabitur.
294 1041 385 1116 Quod
405 1041 444 1100 ad
464 1041 581 1102 notiora
603 1052 633 1100 et
653 1042 837 1117 recentiora,
865 1043 971 1102 Vossio
990 1043 1184 1122 Chronogra-

81 1127 204 1208 phicnm
218 1125 449 1207 hoeNieephori
464 1127 644 1208 opusculum
659 1127 696 1186 ab
711 1127 867 1188 Anastasio
879 1127 1111 1188 Bibliotheean'o
1123 1128 1184 1188 La·
1276 1131 1280 1140 '

80 1214 145 1274 tine
157 1212 194 1270 ab
210 1213 332 1290 antiquo
347 1211 500 1282 redditum
513 1213 667 1273 aeaentior.
697 1213 786 1272 Dedit
799 1215 909 1274 iterum
924 1212 1044 1274 Author
1057 1214 1183 1274 llliecel-
1199 1217 1232 1274 Ρ.
1246 1217 1280 1274 86

7 1315 8 1320 ’
80 1299 143 1357 lae:
172 1297 340 1356 lonchimue
363 1297 563 1374 Camerarius,
591 1307 621 1357 et
648 1298 899 1359 commentarium
917 1299 1044 1360 addidit.
1080 1299 1186 1362 Parem

80 1383 233 1444 Antonine
251 1381 376 1442 Contine
395 1383 474 1443 circa
488 1384 668 1463 opuseulum
683 1384 762 1443 idem
781 1384 1020 1446 accommodavit
1039 1405 1141 1445 curam
1156 1395 1186 1448 et

79 1467 230 1528 laboremr
253 1467 365 1526 Graece
381 1467 548 1544 divulgarit
562 1466 706 1547 loaephua
721 1469 853 1547 Scaliger
867 1470 901 1529 in
913 1471 1094 1550 Temporum
1103 1469 1185 1531 The-

81 1573 190 1628 aauro;
213 1551 252 1610 ad
274 1573 401 1632 quorum
426 1553 571 1612 editionee
592 1551 671 1612 hane
692 1573 771 1612 ame
791 1565 1009 1633 comparatam,
1030 1565 1060 1614 et
1074 1557 1112 1617 ad
1126 1577 1186 1616 cu-

78 1639 201 1700 mulum
215 1638 402 1698 accedentem
416 1637 573 1716 eubiungo.
594 1637 697 1698 Titulo
710 1659 803 1718 porro
820 1638 938 1698 additae
951 1638 1097 1700 dictiones
1112 1643 1184 1720 pri-

79 1743 149 1783 mae
171 1721 208 1780 de
228 1721 288 1781 fide
308 1741 376 1800 erga
396 1723 458 1783 MS.
480 1723 626 1784 servanda
651 1721 728 1783 nihil
749 1722 927 1796 detrahunt,
956 1731 1021 1783 tum
1042 1725 1124 1802 quod
1146 1727 1183 1785 ab

78 1805 189 1866 alienia
208 1807 301 1866 aoleat
318 1808 424 1868 titulun
444 1807 572 1888 apponi,
593 1817 658 1868 tum
679 1809 761 1890 quod
779 1807 951 1891 Nicephoro
974 1807 1108 1870 debitum
1123 1807 1183 1870 lao-

79 1911 187 1952 norem
201 1892 363 1972 praeterire
379 1893 520 1954 caverint.

166 1970 259 2057 Ἐνοῖχ
270 1972 427 2062 γενόμενος
439 1977 536 2059 ἐτοῖν]
553 1978 726 2040 Obliteratie
742 1979 775 2038 in
790 1978 852 2040 ΜΒ.
873 1976 980 2040 Enoch
997 1977 1083 2038 annia
1097 1978 1183 2040 loeua

81 2082 188 2124 eornm
202 2064 325 2144 punctio
341 2063 553 2124 internotatur.
575 2059 649 2146 ρξβ’.
670 2065 758 2144 poeni
769 2066 801 2124 in
818 2069 965 2145 margine,
987 2073 1060 2143 quot
1075 2064 1183 2124 editio-

81 2149 132 2209 nia
154 2149 260 2228 Regiae
281 2148 463 2210 Anaetaaine.
500 2148 673 2210 Cor-rectior
693 2158 793 2210 temen
815 2161 860 2210 eat
880 2149 1050 2230 marginalia
1069 2150 1131 2210 eius
1153 2159 1185 2210 et

82 2233 233 2294 Miacellne
247 2234 337 2294 lectio
354 2235 424 2304 165.
449 2254 539 2316 quam
555 2233 671 2315 pariter
686 2235 810 2294 Contine
824 2235 960 2298 exhibet:
981 2236 1115 2296 Erronea
1128 2255 1184 2316 pe-

83 2320 166 2380 nitna
179 2319 321 2399 Scaligeri
333 2315 389 2400 ον’.

168 2405 238 2482 Peg.
260 2409 333 2470 396.
355 2401 443 2466 Kurd
462 2399 534 2476 rode
553 2394 589 2466 o'.
606 2399 655 2481 ἐτη
681 2397 799 2486 ,βσμβᾷ
822 2405 974 2464 Summam
994 2403 1074 2464 hano
1094 2404 1185 2466 Nica-

81 2487 261 2571 phorianam
278 2488 403 2548 Contine
424 2497 525 2547 censet
546 2487 760 2547 emendandam
775 2487 806 2544 in
823 2489 947 2546 alteram
961 2507 1035 2566 qnae
1057 2509 1095 2546 ex
1117 2489 1185 2548 ein-

82 2574 163 2652 gulia
176 2571 356 2633 Genearchia
371 2572 524 2650 consurgit
537 2565 637 2655 field.
658 2591 697 2630 ne
711 2579 782 2650 poet
798 2571 962 2646 diluvium,
981 2573 1095 2650 inquit,
1118 2573 1186 2640 Mas·
1276 2575 1282 2588 '

81 2657 201 2719 thuaale
213 2655 352 2718 videatur
360 2667 508 2720 mortuno.
530 2659 625 2717 Pravo
637 2657 688 2716 rel
703 2665 785 2716 recte
796 2656 839 2716 ita
854 2656 1184 2736 eenaeritNicephorue,

81 2764 149 2804 non
172 2741 316 2806 discutio:
337 2741 382 2800 ita
403 2741 558 2823 scriptione
573 2763 611 2801 ex
624 2741 758 2820 legendia
778 2761 845 2822 pag.
866 2741 938 2808 404.
958 2741 993 2804 h
1017 2741 1183 2820 oontend03

83 2849 147 2909 qno
165 2827 315 2888 diluvium
336 2829 374 2886 ad
396 2847 509 2887 annum
523 2827 660 2888 emundi
676 2825 801 2886 conditu
823 2826 916 2893 2242.
936 2825 1017 2904 figit,
1039 2835 1070 2886 et
1089 2847 1185 2888 annoe

81 2923 166 2977 retro
184 2912 277 2979 2242.
296 2912 403 2994 positia
421 2913 460 2974 ad
478 2913 587 2973 turrim
601 2913 815 2992 babylonicam
831 2913 902 2978 625.
916 2920 983 2970 tum
998 2910 1037 2970 ad
1050 2911 1186 2976 Abrahae

84 2996 255 3060 dimidiatae
272 2999 412 3058 victimae
430 2998 497 3058 aliie
514 2998 586 3065 425.
604 3007 636 3058 et
656 2997 777 3058 tandem
791 2996 830 3056 ad
842 2995 1004 3056 Abrahami
1016 2996 1094 3058 diem
1109 2998 1185 3060 ulti·

81 3104 166 3146 mum
184 3081 271 3142 annia
287 3087 339 3150 76.
356 3103 502 3144 summam
515 3085 609 3150 3268.
627 3083 714 3144 nullo
728 3082 847 3160 negotio
862 3081 986 3160 colligit.

171 3171 292 3230 Καῑνᾶν
316 3164 478 3251 γενόμενος
502 3168 578 3232 ἐτοῖν
600 3161 692 3254 ρλγ’.]
723 3166 896 3229 annaurim
914 3165 1034 3244 Regina.
1064 3161 1185 3230 Garnae

80 3257 191 3334 factm
206 3274 359 3313 annorum
373 3267 491 3314 centum
507 3255 647 3334 triginta.
670 3252 770 3312 Contii
782 3261 812 3312 et
825 3252 974 3313 Miecellae
988 3250 1088 3312 lectio.
1112 3247 1187 3316 Gat-

83 3362 148 3400 nan
161 3350 256 3400 natue
268 3360 348 3398 anno
363 3344 432 3408 130.
454 3341 492 3399 Et
504 3338 579 3398 haec
594 3337 762 3400 correctior
776 3337 854 3399 inira
868 3337 1052 3417 probabitur.

80 3471 84 3478 ·
170 3419 256 3488 Σοὶλα
268 3419 429 3509 γενόμενος
444 3425 520 3488 ἐτοῖν
535 3417 624 3507 (2γῖ]
647 3423 822 3484 hnaataaina
839 3421 964 3502 Regina,
985 3421 1134 3502 hliecella,
1156 3431 1187 3484 et

84 3509 208 3571 Contine
222 3531 316 3570 annos
334 3515 405 3578 130.
422 3509 605 3570 emendatius
620 3510 764 3570 referunt.

158 3589 251 3678 Ἔβερ
270 3589 430 3678 γενόμενος
443 3595 519 3660 ἐτοῖν
533 3589 617 3677 pyt]
641 3595 727 3655 Paroa
746 3601 849 3652 narrat
867 3591 1040 3654 Anaetaeiua
1055 3592 1183 3670 Reginae

83 3680 185 3760 Contii
199 3691 228 3742 et
234 3679 384 3742 Miacellae
397 3689 558 3761 computus
573 3679 644 3746 184.
658 3700 697 3740 ex
712 3678 842 3739 lectione
861 3679 998 3758 vulgatae
1011 3681 1063 3744 70.
1083 3677 1184 3737 lnter-

82 3776 204 3848 prelum
220 3767 381 3843 editionis,
403 3775 435 3826 at
448 3785 512 3826 non
529 3764 568 3824 ad
583 3763 747 3846 Nicephon'
761 3774 899 3828 mentem.

172 3849 271 3913 Φολέκ
285 3847 443 3934 γενόμενος
463 3851 538 3915 ἐτοῖν
558 3847 640 3932 ρλγ’.]
674 3849 862 3927 hamtonae,
882 3845 1029 3923 hliacella‚
1049 3852 1080 3906 et
1101 3844 1185 3906 Con-

83 3935 145 3997 tiua
161 3939 232 4002 130.
248 3936 364 3997 ethaeo
380 3937 471 3996 lectio
487 3935 652 4016 probatior.

83 4105 127 4168 Ml
167 4019 274 4166 ἷογοῦ
294 4017 451 4104 γενόμενος
471 4020 548 4087 ἐτοῖν
569 4016 653 4106 ρλε’.]
677 4020 725 4084 lta
739 4017 847 4100 Regina
866 4015 1003 4078 hnaataa.
1019 4015 1144 4078 Contine
1158 4023 1189 4076 et

118 4105 177 4166 'ace
201 4128 217 4166 a
232 4109 302 4173 132.

171 4189 288 4273 Σερούχ
308 4185 470 4274 γενόμενος
485 4189 560 4256 ἐτοῖν
577 4181 662 4274 ptari]
681 4187 823 4269 Regium,
841 4183 1026 4262 llliacellam,
1049 4193 1079 4246 et
1100 4183 1184 4246 Con·
1202 4195 1235 4256 v.
1249 4197 1284 4253 te

85 4276 162 4338 tium
176 4277 262 4338 annia
276 4281 306 4344 8.
323 4277 452 4338 excedit.
1088 4287 1096 4293 ”

162 4357 239 4448 ”Erip
251 4357 363 4448 prend]
385 4361 517 4441 Scaliger
535 4358 676 4422 mendoae
689 4351 790 4444 pand.
807 4355 933 4419 Contine
947 4373 1016 4416 cum
1031 4355 1187 4418 Anactorio
