2888 4714
267 361 342 440 476
621 363 964 438 mffluuertottus

265 531 331 614 golt
344 529 422 592 idem
437 527 586 592 Euaebiua.
629 525 764 588 Credidit
776 524 926 604 Scetigm
941 523 1080 586 Petreio·
1099 533 1133 586 et
1151 524 1259 588 Dm'od
1278 527 1366 589 colea

264 623 314 684 82
329 637 423 676 ennea
437 615 597 696 Georgium
608 613 749 674 tribuime
759 611 833 672 falae
845 609 967 670 edoctue
980 611 1087 672 aaeerit
1097 611 1156 676 lib.
1171 619 1203 680 9.
1218 612 1253 672 de
1267 612 1361 674 Dect.

264 704 365 782 Temp.
387 719 453 780 cop.
468 701 522 766 34.
544 699 666 778 Aetyegi
686 697 800 778 pariter
821 717 838 754 a
860 695 1008 773 Scaliger-o
1033 695 1178 776 deceptor
1200 701 1251 764 311
1270 697 1357 757 dun·

263 795 348 847 texet
363 805 457 845 annor
471 784 614 864 emiguat:
635 783 715 842 uude
728 781 882 842 Medorum
894 799 996 860 regum
1014 782 1145 842 collecte
1160 783 1233 849 259.
1255 801 1358 843 auno-

264 891 331 935 rum
344 889 460 930 tumme
473 875 524 936 22
540 869 687 928 delectum
704 866 829 947 patitur.

348 949 538 1018 Μακεδόνων
553 949 704 1035 drentem]
726 949 943 1030 cognoscendi·
957 948 1144 1010 Macedonici
1156 950 1235 1029 regni
1253 969 1360 1012 exom-

264 1041 323 1104 diie
345 1039 385 1100 ad
404 1037 524 1100 Eueebii
539 1046 695 1118 excerpto,
715 1035 753 1095 ed
769 1033 852 1096 hunc
873 1035 1016 1096 nimirum
1029 1033 1173 1096 Aetheria
1187 1037 1283 1094 necue·
1296 1036 1357 1095 lo·

265 1146 351 1200 cum,
370 1125 512 1184 lectorem
533 1141 620 1184 eoum
642 1119 855 1182 eruditieeimm
871 1121 1008 1182 Peteviua
1033 1120 1162 1183 mmittit
1182 1120 1231 1180 tit
1252 1125 1284 1188 9.
1311 1121 1357 1181 de

265 1208 403 1274 doctrina
413 1210 592 1288 Temporum
612 1227 676 1286 cap.
690 1209 743 1272 86·
1283 1219 1289 1228 '

347 1291 539 1375 Ἑρρδανῶν]
560 1291 697 1369 Scaliger.
717 1283 897 1372 Δαρδάνων.
931 1289 1001 1350 Scio
1020 1289 1187 1350 Dardanico
1207 1289 1245 1349 cd
1264 1289 1356 1348 rm-

264 1382 385 1442 noniem
406 1387 437 1436 et
458 1375 660 1436 Mecedoniam
684 1375 774 1435 aitoe:
804 1383 836 1434 at
854 1393 922 1434 cum
944 1375 1059 1436 Eordoe
1076 1376 1158 1436 iuter
1175 1375 1355 1436 Macedones

264 1472 400 1526 numeret
415 1459 520 1522 Strabo
536 1459 587 1523 lib.
599 1465 629 1526 7.
645 1480 671 1520 c.
685 1463 735 1526 21.
754 1469 784 1519 et
798 1463 848 1526 28.
862 1480 879 1518 a
894 1461 954 1524 MS.
969 1460 1028 1519 lide
1046 1479 1108 1520 nou
1122 1460 1240 1525 recedo.

348 1543 416 1630 Πρὸ
433 1549 489 1628 τῆς
509 1539 630 1627 πρώτης
647 1537 850 1624 Ὀλυμπιάδος
872 1543 946 1608 ἔτεσι
963 1539 1031 1627 κεῖ]
1051 1545 1098 1605 lte
1118 1545 1286 1608 necemario
1300 1565 1355 1606 re-

263 1633 449 1716 ponendum:
470 1630 515 1691 Ab
537 1650 614 1690 enno
640 1629 751 1710 quippe
767 1629 859 1696 4701.
880 1649 940 1708 quo
958 1629 1156 1690 Macedonum
1170 1631 1260 1709 regni
1276 1631 1355 1690 iactr

264 1727 335 1778 eunt
349 1739 366 1778 e
382 1719 495 1777 Carano
512 1715 719 1788 fundamento,
740 1713 777 1772 ed
793 1713 918 1794 primam
934 1715 1142 1795 Olympiadem
1164 1736 1248 1775 anno
1262 1717 1357 1783 4725.

265 1803 388 1864 affixum
405 1803 456 1870 25.
477 1799 659 1862 recontendi.
686 1799 827 1877 Scaliger,
850 1799 902 1878 qui
920 1807 1021 1862 manet
1042 1799 1075 1858 in
1091 1799 1154 1861 MS.
1175 1795 1228 1879 ιη’.
1249 1821 1362 1861 nume-

265 1907 334 1950 rum
349 1887 474 1962 retinet,
495 1893 525 1944 et
544 1885 581 1943 ab
598 1884 723 1944 Eusebio
742 1891 844 1942 monet
859 1884 1056 1945 obaemtum.
1096 1883 1137 1944 At
1153 1905 1224 1944 cum
1247 1886 1358 1945 Canni

264 1993 390 2051 regnum
408 1971 447 2032 ad
464 1969 611 2030 Abraham
625 1972 716 2034 1203.
733 1968 832 2045 alliget
852 1967 1015 2044 Euchira,
1035 1968 1225 2050 primamque
1240 1970 1356 2050 Olym-

169 2062 204 2120 V.
214 2066 250 2124 51
266 2059 384 2139 piodem
400 2057 432 2116 in
446 2055 575 2116 eiuedem
591 2051 884 2128 midsommer,
906 2051 1095 2131 alioevigiuti
1111 2075 1210 2115 aunoe
1229 2055 1359 2137 proprio

264 2161 391 2203 numero
408 2139 584 2218 complendo
598 2135 779 2196 neceamrioe
795 2145 926 2216 apponat
936 2157 1055 2198 neceeae
1069 2147 1124 2200 eet.

337 2221 419 2298 Ἕως
434 2217 628 2302 Ἀλεξάνδρου
639 2219 844 2300 coniectorem]
859 2221 953 2282 Annio
969 2241 985 2279 a
1001 2223 1128 2284 conditu
1137 2223 1246 2284 mundi
1261 2225 1355 2290 1700.

263 2308 405 2388 aquibue
419 2307 525 2387 elapeia
541 2305 874 2384 Macedonumregnum
896 2305 1053 2367 exorditur
1073 2309 1187 2368 additio
1205 2309 1274 2376 455.
1293 2329 1353 2366 arr-
1442 2364 1443 2386 2

263 2393 505 2470 accettemo
520 2391 618 2471 coepit
632 2409 755 2468 regnare
768 2391 950 2469 Alexander,
971 2391 1108 2472 proxime
1120 2393 1279 2456 obtinetur.
1397 2423 1401 2432 ⁴
1442 2389 1443 2462 ἶ

349 2471 463 2550 Κοινὸς
476 2475 533 2539 ieet
543 2473 611 2558 κη’]
624 2475 727 2554 llegni
737 2475 799 2536 eiue
809 2475 929 2536 initium
943 2477 1062 2554 vulgari
1074 2479 1157 2538 orbi·
1169 2499 1247 2539 mue
1255 2479 1350 2545 4731.

263 2560 332 2624 fluia
346 2562 438 2629 4758.
454 2561 571 2640 figitur:
593 2560 664 2621 eolia
680 2580 748 2638 ergo
762 2565 815 2626 28.
830 2579 891 2620 nou
909 2565 959 2628 29.
976 2561 1062 2620 anni·
1080 2565 1227 2641 regnavit.

353 2643 419 2722 itte
436 2641 554 2728 edred]
577 2647 624 2706 Ad
637 2647 701 2706 loaa
713 2643 787 2705 haec
801 2644 861 2704 duo
873 2644 964 2706 verba
979 2648 1140 2724 referrem,
1162 2649 1196 2708 ui
1218 2667 1294 2727 quae
1313 2647 1353 2708 do

263 2732 329 2795 leae
346 2731 482 2813 loquitur
494 2729 636 2812 periocha
652 2751 717 2812 pag.
734 2733 804 2796 187.
818 2729 849 2792 (L
870 2729 962 2788 nimio
976 2729 1012 2789 ab
1025 2731 1086 2792 illie
1101 2731 1264 2793 diuideret.

340 2815 467 2901 Ἀνδρες
485 2809 532 2901 ρ’.]
560 2817 664 2876 Germe
682 2833 834 2876 coecorum
857 2833 997 2876 numeror
1017 2816 1049 2882 4.
1076 2817 1147 2896 Καρ.
1167 2818 1216 2886 11,
1241 2817 1289 2878 vel
1310 2822 1344 2883 2.

263 2901 358 2965 Paral.
373 2903 425 2968 25.
445 2921 508 2961 non
519 2911 698 2964 recensetur.

219 3025 221 3031 2
263 3015 266 3022 ’
347 2986 416 3062 Peg·
440 2991 512 3052 199.
536 2981 646 3069 Πρώτη
663 2979 826 3065 Ὀλυμπιᾶς
841 2981 950 3068 ἤρξατο
966 2979 1068 3062 Ὀζίου
1088 2984 1147 3050 hee
1159 2979 1222 3068 με’.]
1251 2985 1351 3048 Ouiae

262 3068 340 3146 regie
356 3069 480 3148 quintua
507 3091 598 3152 aupre
625 3071 879 3150 quedragmimum
907 3089 1003 3129 annue
1027 3091 1215 3132 communem
1241 3074 1352 3134 mundi

260 3154 354 3220 4726.
376 3165 601 3216 coucmreutem
620 3155 747 3231 obtinet,
776 3175 835 3234 quo
854 3153 979 3235 primam
997 3156 1206 3237 Olympiadem
1224 3177 1263 3217 ex
1282 3159 1350 3218 tu-

259 3235 357 3297 thoria
377 3247 466 3299 textu
484 3240 691 3320 praemieimue
714 3240 917 3318 atamendam,
945 3248 1013 3300 ente
1031 3239 1233 3302 Chdrtiaoam
1249 3263 1346 3303 aeram

260 3321 346 3382 eunie
368 3324 441 3390 776.
462 3345 531 3386 cum
553 3345 608 3388 eex
627 3327 689 3386 lere
710 3325 868 3385 meneibm.
918 3325 1027 3385 Verum
1042 3326 1081 3385 ob
1105 3347 1254 3387 annorum
1277 3337 1345 3386 octo

259 3405 391 3486 epotium
407 3407 564 3470 Gotholiee
575 3409 736 3490 tyraumdi,
763 3429 839 3488 quoe
852 3411 1002 3490 eeptcnnia
1016 3419 1133 3470 tantum
1147 3413 1219 3486 fuit.
1233 3413 1270 3472 ab
1282 3414 1348 3472 Au-

258 3489 347 3550 more
366 3492 527 3552 orcitanter
547 3495 740 3571 attributum,
768 3513 837 3554 cum
851 3495 1038 3573 eequeotium
1052 3515 1156 3574 regum
1167 3497 1241 3557 luda
1255 3498 1348 3558 inru-

258 3574 427 3656 guretiouea
439 3594 500 3637 uno
509 3597 587 3638 amm
602 3599 686 3640 eecce
701 3577 813 3660 poeitea
831 3587 964 3655 couetct3
984 3579 1021 3638 iie
1034 3579 1068 3638 in
1081 3601 1195 3640 anuum
1208 3583 1346 3663 superio-

258 3681 323 3724 rem
333 3661 481 3724 revocatio
494 3661 599 3740 Ouiae,
620 3663 670 3742 qui
686 3662 822 3742 Ararim,
845 3663 969 3745 quintua
985 3684 1073 3745 cupra
1086 3667 1347 3746 quodrageaimum

258 3747 366 3808 mundi
383 3748 475 3816 4726.
497 3747 651 3808 confertim
674 3758 819 3829 occupet,
850 3749 902 3830 qui
924 3748 1034 3809 certior
1058 3759 1117 3822 eet,
1146 3769 1185 3811 ex
1212 3753 1347 3812 Africani

258 3841 398 3913 computo
419 3833 611 3916 Olympiades
634 3833 747 3914 primae
768 3833 870 3909 aedea,
898 3855 916 3892 a
939 3853 998 3913 qua
1016 3833 1155 3915 deincep·
1174 3837 1214 3896 ad
1233 3857 1346 3896 ennom

258 3918 364 3978 mundi
377 3918 469 3986 6472.
484 3929 514 3979 et
525 3919 677 3978 Actiacam
689 3917 846 3978 victoriam
864 3921 1028 3998 completor
1045 3923 1115 3986 187.
1130 3921 1348 4003 Olympiadem

257 4003 360 4082 cyclon
372 4003 674 4066 numeratdlriceoue
685 4022 752 4084 pag.
764 4005 835 4069 3⁰8.
849 4003 884 4062 1).
904 4003 1059 4065 Caeterum
1073 4004 1112 4063 ed
1126 4025 1239 4066 ennom
1253 4027 1349 4068 muu-

258 4085 292 4145 di
304 4089 455 4167 vulgarem
474 4090 568 4156 4725.
588 4088 712 4149 luerim
729 4087 885 4167 aeptimum
898 4097 928 4147 et
940 4089 1193 4169 quedrogeeimum
1207 4091 1241 4152 in
1254 4113 1347 4172 prae-

256 4169 327 4230 fatis
341 4173 574 4252 castigatioribue
585 4171 696 4234 tubulis
710 4171 855 4250 illigatum
869 4173 942 4234 licet
954 4175 1128 4254 obeervure,
1148 4176 1233 4254 quod
1245 4197 1348 4238 ammo-

257 4251 314 4326 tis,
334 4253 492 4334 pluaquem
513 4277 570 4338 par
589 4259 667 4318 foret
686 4277 704 4315 a
724 4257 873 4338 principio
888 4257 963 4319 luda
979 4259 1111 4338 regibua,
1139 4260 1220 4321 iuter
1232 4261 1341 4322 Ioacim

161 4335 194 4390 Ρ.
207 4337 242 4394 56
259 4351 369 4394 ennom
388 4349 529 4417 quartum
550 4351 580 4402 et
600 4340 670 4422 Cyri
690 4341 814 4406 exordia
835 4361 982 4407 annorum
1002 4343 1186 4428 aeptuegiute
1209 4347 1341 4428 apetium
