2888 4714
123 383 125 386 .
255 314 331 394 488
626 317 973 398 EMENDATIONES

162 509 167 515 ·
256 485 326 562 cim,
339 483 462 546 Eliscins
475 489 660 562 rocstosper
672 497 767 540 snnos
780 475 921 538 undecim
936 495 955 534 a
968 473 1073 538 mundi
1089 473 1191 544 4884.
1204 475 1247 538 ad
1256 475 1359 546 4895.

251 589 314 650 quo
330 569 411 648 regni
425 568 527 628 haeres
540 563 688 640 loschins,
704 562 858 624 lechoniss
870 571 1011 639 vocatus,
1032 563 1071 621 sd
1089 563 1201 622 solium
1213 573 1260 621 est
1273 584 1364 622 ere-

255 661 331 716 clus.
370 653 500 714 Ultimus
513 651 564 712 hic
579 669 720 712 numerus
735 657 780 708 est
793 667 882 728 quesn
894 645 1011 706 Author
1029 647 1175 726 temporis
1196 647 1259 706 eins
1280 656 1358 705 ter..

115 735 125 758 '
254 737 367 798 minum
384 737 537 817 praefigit,
558 745 588 798 et
606 755 680 815 quae
694 743 766 793 note
785 732 910 814 septima
927 731 1081 812 superiore
1098 732 1274 812 scripsimus
1294 733 1354 792 vol

255 821 477 882 emendarimus
493 821 647 880 manifeste
660 818 803 879 vindicat.

343 899 458 969 Τούτου
476 904 572 986 φησὶν
588 908 632 990 spi
645 904 733 988 τρίτῳ
753 897 833 984 issu]
853 899 889 962 In
903 899 978 960 hoec
990 899 1061 964 Not.
1083 919 1148 979 pag.
1169 903 1221 968 8⁰·
1244 901 1351 961 relata

252 990 361 1052 scribit
379 991 517 1069 Scaliger.
561 991 647 1069 Quae
666 1009 727 1048 non
744 999 815 1046 eunt
832 989 913 1044 tanti
934 996 968 1044 ut
988 987 1146 1060 consulare
1159 986 1255 1045 velim.
1302 989 1348 1046 At

253 1095 317 1140 non
329 1075 377 1136 his
393 1075 571 1152 asserendis,
592 1074 676 1142 sede
693 1073 727 1132 B.
748 1071 912 1154 Hippolyto
927 1071 1133 1148 recensendis,
1155 1080 1345 1131 momentum

255 1181 344 1222 omns
358 1171 460 1224 nostro
476 1159 601 1237 Georgio
619 1157 776 1238 pendebat.

344 1249 405 1308 Τοῦ
421 1243 453 1308 di
470 1239 584 1324 κόσμου
605 1235 719 1329 ,elohe-2]
746 1241 819 1300 Tres
836 1258 951 1300 menses
967 1237 1099 1298 loebhim
1116 1237 1150 1297 in
1163 1259 1269 1300 annuns
1285 1260 1345 1300 re-

255 1329 348 1409 cipit,
369 1330 421 1408 qui
439 1348 506 1390 eum
530 1347 609 1386 enno
630 1327 722 1394 4895.
745 1345 897 1403 regnasse,
919 1324 1096 1384 successoris
1116 1343 1187 1386 vero
1203 1325 1345 1386 sedeciae

254 1423 371 1494 tempus
385 1434 400 1472 a
414 1413 506 1480 4896·
521 1431 677 1471 numerare
691 1409 799 1492 incipit
812 1408 940 1470 Author.

338 1498 406 1576 Peg.
423 1503 496 1567 220.
522 1499 583 1560 Τοῦ
597 1494 630 1560 dl
642 1491 754 1576 κόσμου
768 1489 889 1580 stuwi]
907 1490 1091 1570 Comprime
1105 1491 1154 1552 sui
1168 1493 1248 1572 regni
1260 1512 1344 1554 anno

253 1579 366 1640 ludoici
382 1583 487 1664 populi
504 1592 617 1664 partem
634 1580 783 1660 captivans
798 1577 956 1638 abduxerit
969 1575 1254 1654 Nabuchodonosor,
1272 1579 1346 1640 loa-

252 1665 313 1730 oins
329 1678 436 1746 quarto
449 1667 587 1742 ineunte,
607 1666 701 1745 ipsius
713 1663 986 1732 Nabuchodonosor
996 1661 1117 1722 exordis
1130 1663 1216 1723 nulla
1230 1665 1346 1724 ratione

255 1761 370 1828 queunt
389 1753 421 1812 in
436 1752 540 1812 mundi
556 1753 649 1817 4887.
659 1751 819 1812 incurrere.
863 1753 890 1814 1.
912 1747 1002 1820 Quod
1018 1756 1144 1825 quartus
1160 1748 1274 1808 loacirn
1290 1771 1351 1809 an·

253 1855 310 1900 nus
325 1836 358 1894 in
372 1839 466 1904 4884.
482 1837 595 1896 incidat
611 1835 645 1894 in
658 1835 770 1896 vitiatis
783 1833 905 1910 tabulis,
926 1833 1056 1910 adeoque
1069 1831 1179 1891 loacins
1196 1845 1227 1892 et
1239 1834 1351 1894 Nabu-

255 1919 444 1982 chodonosor
464 1922 534 1982 anni
551 1920 713 1980 secundum
733 1917 887 1979 historiam
905 1917 1070 1994 confligunt
1089 1915 1282 1978 adinvicem.
1310 1925 1348 1986 2.

257 2005 330 2063 Cous
351 2015 473 2083 quartus
489 2005 598 2065 loscisn
612 2014 641 2063 et
654 2001 928 2063 Nabuchodonosor
942 2002 1055 2082 primus
1070 2001 1271 2080 Badylonicae
1289 2023 1350 2062 ra-

254 2089 388 2169 ptivitsti
401 2091 536 2148 dederint
549 2089 684 2162 initium,
705 2087 742 2146 ab
756 2087 878 2162 iisdem,
903 2087 974 2148 dum
987 2095 1087 2144 tamen
1107 2087 1216 2146 mundi
1235 2087 1354 2167 vulga-

254 2192 303 2233 res
327 2173 398 2231 enni
420 2181 615 2249 concurrant,
642 2171 680 2230 ud
704 2171 777 2250 Cyri
802 2171 933 2251 primum
955 2171 1141 2251 septuaginta
1162 2173 1350 2250 captivitatis

253 2257 326 2316 anni
348 2265 558 2332 numerentur,
594 2255 646 2334 qui
673 2255 869 2316 nihilominus
892 2275 1028 2334 nequeo
1051 2256 1161 2314 loacim
1183 2267 1290 2336 qusrto
1313 2268 1349 2317 et

254 2339 360 2400 mundi
375 2339 467 2405 4887.
481 2359 578 2420 neque
588 2359 605 2397 a
617 2339 889 2401 Nabuchodonosor
898 2342 996 2420 primo
1009 2349 1040 2400 et
1053 2341 1157 2399 usundi
1167 2341 1254 2406 4888.
1267 2362 1345 2421 poo—

254 2433 325 2482 sunt
338 2424 494 2502 recenseri,
514 2427 739 2486 excurrentibus
753 2425 852 2506 quoad
862 2425 1037 2484 ludaeorum
1053 2445 1155 2502 regum
1169 2436 1344 2504 computum

254 2509 339 2572 antris
360 2509 456 2570 tribus
474 2511 522 2570 vel
541 2519 685 2590 quatuor,
706 2519 736 2569 et
753 2509 987 2570 redundantibus
1002 2505 1115 2586 pariter
1129 2510 1163 2568 iu
1177 2506 1348 2580 Chaldaeo-

253 2591 327 2663 runi
336 2613 436 2672 regum
451 2595 594 2654 aetstibus
610 2595 695 2654 annis
708 2593 809 2656 solidis
824 2594 962 2672 quinquo.
984 2595 1026 2653 Ut
1040 2593 1118 2654 enim
1130 2595 1235 2654 mnndi
1249 2595 1351 2662 4883.

256 2679 343 2738 debet
361 2697 424 2738 esso
442 2679 551 2738 loacisn
570 2689 697 2758 quartus
719 2687 750 2738 et
768 2677 1041 2739 Nabuchodonosor
1060 2678 1176 2758 primus
1187 2681 1219 2738 in
1231 2681 1348 2741 tabulis

256 2763 435 2841 emendatis,
455 2773 490 2825 ut
503 2763 539 2822 sb
554 2783 589 2823 eo
606 2763 843 2844 septuagenarius
860 2781 1009 2824 annorum
1025 2763 1203 2844 captivitatis
1223 2783 1345 2844 procc-

256 2847 308 2906 dst
322 2867 477 2924 numurus,
499 2857 591 2929 prout
603 2848 703 2929 quoad
717 2849 841 2908 ludaeos
854 2867 957 2927 regum
968 2848 1115 2908 rationem
1128 2849 1347 2910 demonstravit

255 2931 459 3012 Librarius‘ex
473 2931 606 2994 luthore
619 2953 686 3013 psg.
707 2938 780 3001 217.
804 2933 840 2993 t.
862 2943 892 2993 et
913 2937 985 3000 228.
1003 2933 1036 2992 B.
1050 2941 1080 2992 et
1096 2955 1148 2993 nos
1160 2933 1191 2992 in
1206 2933 1348 2996 eiusdem

253 3033 323 3093 pag.
347 3015 426 3074 uotis
450 3017 686 3094 observavimus,
707 3017 750 3077 ita
768 3015 893 3096 quilibet
913 3017 1047 3076 calculus
1065 3015 1146 3078 hisce
1164 3019 1347 3097 contrarius,

253 3118 366 3180 pravus
384 3101 504 3162 omnino
521 3104 671 3181 falsusque
684 3102 888 3162 declarandus.
929 3103 1021 3162 Error
1039 3102 1134 3180 igitur
1153 3104 1235 3164 omni
1255 3106 1346 3166 renis

255 3181 351 3242 maior
365 3184 401 3242 ab
416 3185 547 3244 Authore
561 3187 721 3257 admissus,
742 3188 794 3266 qui
807 3187 859 3246 ubi
872 3184 1104 3264 Chrouologicas
1122 3187 1247 3267 epochas
1273 3209 1345 3248 ccr-

255 3265 346 3326 tiores
366 3287 400 3326 ac
422 3269 561 3330 clariores
579 3271 666 3333 debet
688 3271 858 3346 ostendere,
879 3291 914 3330 eo
929 3270 1020 3349 magis
1036 3273 1174 3331 confusas
1190 3283 1220 3332 et
1231 3273 1344 3332 obscu-

255 3349 351 3414 riores
376 3365 584 3432 repraesentat.
626 3355 796 3434 Castigandi
822 3355 931 3416 erroris
956 3353 1051 3434 gratia
1075 3358 1238 3418 nonnullus
1254 3357 1345 3420 labor

258 3433 478 3514 suscipiendus,
500 3449 530 3497 et
543 3439 623 3500 unde
641 3439 819 3520 processerit
833 3439 1058 3500 coniioiendum.
1100 3440 1237 3504 Athalise
1250 3463 1346 3521 regno

257 3537 311 3580 sex
324 3539 418 3580 annos
435 3521 579 3582 duntaxut
589 3525 723 3603 plerique
740 3523 919 3602 chronologi
935 3523 1101 3602 atsignante
1128 3527 1179 3586 cni
1200 3525 1345 3607 Georgius

257 3622 321 3678 non
339 3615 449 3684 septem
463 3606 568 3683 modo,
592 3607 643 3666 sed
657 3618 688 3668 et
698 3609 797 3670 octavi
808 3611 936 3688 spatium
952 3609 1031 3669 iuter
1049 3631 1144 3670 annos
1166 3612 1272 3672 mundi
1292 3633 1346 3674 re·

256 3687 384 3768 linquit,
404 3689 441 3752 de
462 3711 521 3769 quo
540 3693 674 3772 superius
697 3693 729 3752 in
745 3715 775 3773 p.
795 3698 866 3760 187.
887 3693 983 3754 notis:
1006 3693 1129 3756 leschas
1151 3699 1265 3778 pariter
1283 3708 1347 3760 tres

258 3792 371 3836 menses
393 3775 426 3836 in
445 3775 564 3836 alterius
587 3777 663 3855 regis
684 3785 817 3858 tompore
841 3778 927 3837 focile
951 3778 1147 3840 continendos
1176 3783 1221 3842 in·
1231 3803 1346 3844 annuns

258 3869 420 3922 vertentem
434 3871 464 3921 et
476 3862 643 3922 absolutum
656 3861 798 3942 imputet:
826 3875 857 3920 et
879 3883 1016 3922 excessus
1032 3863 1121 3942 licet,
1144 3874 1180 3925 ut
1201 3887 1239 3927 ex
1257 3879 1349 3947 parte

258 3944 443 4004 vindicatum
464 3957 524 4022 est,
552 3947 659 4006 exinde
672 3947 773 4006 nullus
794 3945 936 4022 oriretur,
957 3947 1089 4027 amplum
1105 3949 1179 4010 odon
1195 3961 1298 4014 tamen
1317 3965 1350 4016 st

258 4047 377 4088 enorme
392 4039 437 4088 est
456 4030 647 4092 intervallum
665 4051 681 4088 a
694 4031 801 4111 populi
816 4051 854 4092 ex
867 4033 999 4110 Aegypto
1012 4033 1198 4110 profectione
1213 4037 1253 4097 ad
1267 4048 1348 4098 tern-

234 4113 342 4190 .plum
362 4113 548 4174 nSalomouo
566 4115 734 4190 conditum,
756 4125 791 4176 ut
804 4135 842 4175 ex
856 4117 942 4175 annis
961 4115 1030 4176 Heli
1047 4118 1151 4197 viginti
1174 4129 1206 4180 et
1223 4123 1349 4202 paribus

258 4195 387 4254 Samneli
406 4197 576 4274 assignetis,
603 4209 726 4279 totoque
749 4201 846 4279 spatio
870 4201 940 4268 659.
969 4221 1132 4279 annorum,
1157 4203 1196 4264 de
1221 4208 1345 4288 quoad

257 4291 322 4352 pag.
338 4277 408 4348 175.
424 4281 503 4340 notis
517 4283 609 4342 sotius
623 4283 665 4344 sit
676 4283 843 4364 transdere
849 4331 860 4362 ,
882 4305 970 4365 quom
987 4285 1061 4348 adeo
1083 4287 1239 4370 copiosum
1258 4309 1343 4352 asso·
