2860 4714
396 293 458 362 ΕΤ
477 293 838 370 ΑΝΝΟΤΑΤῙΟΝΕΒ.
1098 294 1171 374 401

151 447 288 535 linonai
305 450 467 516 amna
483 449 633 532 βασιλέων
643 457 854 520 Anconem
868 451 932 539 ιβ’]
961 459 1172 541 Repraaaentat

61 538 144 599 baec
157 541 291 617 Scaliger
305 537 450 617 Excerpt.
466 555 534 616 pag.
545 539 619 604 367.
636 549 667 600 et
679 561 739 600 una
753 561 859 621 regum
870 542 997 606 ictorum
1014 547 1172 614 duodecim

63 625 213 704 depravat
225 621 388 686 homedern
405 621 538 682 aoribena
555 623 589 684 oi
603 623 799 704 ἐβασίλευσαν
812 626 863 709 ἔνη
877 625 946 710 pne'.
982 630 1107 714 insuper
1119 637 1171 698 ad.

60 707 117 768 dit.
141 708 226 788 ὁμοῦ
240 713 303 772 τῶν
315 701 351 770 ν’.
367 709 553 772 δυναστειῶν
567 705 617 787 ἔτη
630 705 710 794 ,dyest
725 731 800 790 qnae
813 722 850 774 ut
860 714 1005 796 pleraque
1017 717 1054 780 ab
1067 721 1171 784 eodem

61 793 274 874 inDynaatiaa
288 793 360 852 iotae
379 793 497 854 intrnaa
513 809 575 852 non
592 794 742 854 extentio
758 795 819 856 MS.
1130 794 1133 802 ’

148 877 305 942 Βασιλέων
323 883 460 940 Τανιταῖν
476 872 524 958 1.]
547 877 661 955 Regum
675 880 825 942 duntaxat
838 890 951 963 neptem
965 886 1056 950 aeriea
1068 883 1121 967 αξ.
1134 891 1169 954 in

62 955 94 1036 ἴ.
116 973 203 1024 recte
218 972 366 1024 mutatum
381 971 605 1023 commonstrat.

152 1045 333 1128 Ψουσὲννης
349 1046 399 1126 ἔτη
416 1041 485 1127 μς’.]
508 1046 641 1125 Scaliger
659 1047 805 1132 Excerpt.
827 1049 927 1131 pagin.
942 1053 1017 1120 357.
1040 1053 1090 1136 hay
1105 1053 1167 1140 μβ,

62 1151 138 1210 quae
151 1133 234 1194 ratio
251 1143 311 1208 eet,
333 1142 368 1192 ut
383 1131 467 1192 iuxta
479 1132 637 1211 proprium
653 1143 829 1216 computum
850 1155 889 1196 ex
904 1137 1063 1216 Dynaatiaa
1080 1162 1165 1222 prae·
1181 1151 1213 1208 V.
1226 1153 1263 1214 25

60 1219 153 1278 aentio
167 1217 349 1278 bomadibna
362 1237 456 1276 annoa
470 1217 619 1277 duntaxat
634 1223 705 1286 110.
722 1221 854 1302 colligat.

147 1302 326 1383 Σουσὲννης
349 1300 398 1382 ἔτη
417 1297 476 1380 ni]
499 1302 618 1362 Lubena
642 1303 717 1364 alios
743 1310 791 1372 16.
817 1325 998 1386 apponerem
1018 1326 1112 1372 annor
1136 1321 1168 1373 et

59 1387 206 1448 Suaennie
224 1385 314 1448 iatine
335 1386 455 1460 ultimi,
476 1387 526 1446 cui
544 1385 689 1448 Eusebius
705 1391 757 1456 35.
776 1390 964 1472 impertitur,
987 1389 1166 1458 conficerem

58 1472 203 1550 triginta:
226 1483 262 1534 ut
282 1463 403 1534 bollecti
425 1471 559 1532 omnium
580 1472 698 1534 numeri
715 1477 786 1540 130.
801 1495 948 1538 summam
961 1496 1024 1538 una
1038 1499 1166 1564 compo·

56 1575 131 1618 nere
146 1557 328 1636 legerentur.

143 1643 215 1722 Pag.
236 1645 288 1710 74.
309 1635 413 1724 nocivo
427 1640 481 1706 nod
503 1637 624 1724 rinconi
637 1641 798 1707 δυναστεία
808 1639 956 1725 βασιλέων
972 1648 1105 1710 Tentoria
1118 1642 1164 1732 1.]

56 1725 182 1787 Titulna
202 1725 252 1786 bic
270 1750 286 1787 a
307 1729 457 1806 scaligero
477 1727 623 1807 Excerpt.
645 1747 713 1808 pag.
738 1733 789 1794 16.
812 1727 1039 1810 praetermiaauo
1061 1729 1167 1812 Dyna-

54 1811 145 1871 atiam
167 1817 217 1879 20.
237 1821 267 1872 et
286 1818 336 1880 21.
360 1811 534 1874 discrimine
553 1812 671 1872 sublato
691 1813 862 1873 confundit.
911 1812 1030 1894 Ecquid
1045 1815 1166 1896 Eusebii

53 1896 158 1956 veraio
170 1897 278 1956 Latina
294 1917 364 1956 curn
380 1897 494 1956 Graeco
507 1905 596 1956 textu
612 1895 740 1977 Aegypti
749 1895 958 1976 Dynaatiarum
973 1901 1166 1962 concordiam

52 1988 163 2040 teneat
185 1982 335 2042 atndioano
357 1983 466 2041 Lector
489 1981 513 2040 ai
533 1980 790 2062 interpellaverit,
811 1999 887 2061 qnae
913 1983 997 2044 hunc
1019 2005 1089 2044 cum
1109 1983 1164 2044 illa

52 2063 232 2124 conferenti
253 2075 324 2125 aunt
347 2065 519 2137 obaurata,
539 2085 602 2125 non
617 2065 748 2126 illubena
763 2066 897 2130 aubiicio.
938 2069 972 2127 ln
990 2067 1095 2128 Latina
1111 2069 1164 2130 in-

52 2149 275 2230 terpretatione
295 2151 456 2232 Dynaatiaa
476 2149 649 2230 quindecim
668 2151 784 2232 priores
801 2151 973 2214 desiderari.
1022 2155 1113 2214 Sexta
1131 2161 1164 2216 et

55 2235 172 2294 decima
187 2253 267 2296 anno
282 2235 417 2296 Abrabae
432 2235 531 2317 primo
548 2235 723 2312 exorditur,
743 2245 782 2313 et,
802 2247 895 2316 prout
907 2235 959 2298 bio
973 2257 1040 2318 pag.
1057 2243 1107 2306 61.
1124 2239 1161 2300 D.

56 2337 152 2380 annoa
176 2325 249 2386 190.
274 2319 401 2399 viguiaee
420 2319 572 2380 acribittn.
622 2319 755 2398 Septima
779 2339 869 2404 aupra
888 2321 1036 2382 decimam
1054 2343 1161 2403 regum

53 2405 230 2464 nominibus
247 2413 277 2464 ct
289 2405 435 2466 aetatibus
449 2404 538 2480 orba,
559 2401 598 2462 ad
620 2407 690 2468 100.
713 2411 743 2462 et
762 2411 823 2464 trea
844 2425 955 2482 annor,
976 2407 1028 2467 bio
1046 2409 1084 2468 ad
1105 2427 1159 2469 aex
1176 2415 1208 2472 P.
1225 2420 1262 2476 27
1333 2425 1338 2432 ‘

55 2498 83 2547 et
98 2496 172 2556 100.
191 2509 296 2567 regum
311 2489 497 2566 cingulorum
512 2485 634 2567 signatio
652 2486 851 2568 temporibna,
873 2491 1023 2568 producte
1038 2491 1162 2552 demon.

54 2582 178 2632 atrntur.
216 2575 333 2630 Octava
347 2582 376 2631 et
395 2571 527 2648 decisna,
550 2589 627 2651 quae
641 2591 709 2630 cnm
721 2570 790 2648 hic,
810 2581 875 2632 tum
890 2573 970 2653 apud
983 2575 1161 2654 Hieronymi

54 2653 222 2714 versionem
246 2656 332 2716 annia
350 2655 422 2722 348.
445 2657 641 2740 terminatur,
663 2655 789 2736 reliquia
811 2657 934 2735 regibua
952 2667 1089 2737 tempore
1108 2659 1159 2718 in-

54 2749 102 2800 ter
115 2759 148 2799 ae
159 2739 284 2821 paribua
298 2739 437 2800 Athorim
452 2741 552 2800 aolum
569 2739 691 2800 exhibet
701 2739 753 2800 bic
767 2740 853 2800 annia
867 2741 991 2819 triginta
1007 2741 1084 2800 atico
1099 2761 1159 2804 no·

52 2843 122 2884 vena
135 2825 172 2884 in
188 2825 311 2885 Enaebii
327 2825 477 2886 Chronico
497 2845 653 2886 conceaeoa
669 2825 877 2886 excedentem
900 2843 938 2886 cx
952 2847 1010 2906 quo
1025 2827 1159 2886 tricena-

54 2909 134 2967 rium
155 2909 243 2970 illum
266 2909 353 2972 velut
371 2909 560 2992 superfluum
582 2911 704 2971 omnino
725 2909 955 2992 expungendum
976 2910 1079 2970 nullua
1094 2931 1159 2973 non

54 2992 154 3054 uidet:
176 3015 268 3074 quare
283 2993 321 3056 ad
335 2989 394 3059 tn'.
411 2997 542 3074 Scaliger
562 3015 719 3056 excentum
741 3005 910 3056 reaeotnrne
924 2994 1063 3076 apposuit
1075 2997 1157 3058 aoloa

55 3071 98 3140 θ’.
116 3099 177 3157 quo
194 3079 335 3159 partiales
356 3099 488 3140 anmmae
499 3080 586 3139 totali
602 3089 785 3158 congruant,
808 3089 837 3140 et
854 3079 949 3160 priori
963 3081 1085 3156 reiecto,
1103 3103 1154 3142 ae·
1271 3120 1274 3128 ·

54 3165 189 3223 cundum
202 3183 362 3224 numerum
377 3165 523 3227 indicaret
535 3163 724 3244 probandum
737 3173 842 3224 taxtna
854 3163 1013 3224 timotiani
1026 3185 1092 3245 pag.
1101 3172 1151 3233 16.

55 3247 166 3328 dequo
181 3247 242 3308 iam
258 3269 349 3330 eupra
365 3259 435 3310 ante
453 3259 541 3310 notaa
552 3254 582 3315 7.
609 3249 699 3308 Sexta
712 3267 803 3330 aupra
819 3249 989 3309 vicesimam
1011 3251 1154 3330 Dynaatia

54 3351 115 3392 non
130 3332 248 3393 Graeca
262 3333 337 3394 baec
348 3333 460 3413 modo,
481 3333 533 3394 aed
547 3343 577 3394 et
594 3333 770 3412 Hieronymi
785 3333 890 3394 Latina
911 3333 949 3394 ad
972 3354 1066 3395 annoa
1080 3339 1152 3402 163.

55 3417 217 3498 utrobique
235 3420 446 3499 protenditur,
466 3419 588 3499 Regium
608 3417 680 3478 licet
700 3419 762 3480 MS.
780 3419 865 3480 annia
881 3419 1012 3500 quinque
1028 3421 1153 3482 totalem

54 3523 200 3562 anmmam
212 3503 381 3564 breviorem
395 3513 553 3566 atteatetur
565 3497 636 3586 pgy'.
657 3502 725 3566 vica
738 3497 812 3587 ρξνί.
827 3504 979 3566 scribant:
1002 3525 1077 3585 qnae
1097 3527 1152 3566 ra-

56 3587 95 3648 tio
116 3589 196 3663 fnit,
216 3598 252 3648 ut
266 3589 305 3648 ad
322 3589 401 3650 latua
416 3583 485 3672 (ἦγ’.
503 3590 582 3650 aicut
594 3588 744 3669 Scaligero
760 3584 831 3673 (1ξηῖ
849 3591 978 3652 scribere
991 3589 1081 3650 licuit
1093 3611 1153 3669 pa·

56 3674 113 3750 gin.
126 3682 233 3734 textua
248 3674 354 3738 Euaeb.
373 3681 423 3740 17.
439 3675 480 3734 ita
498 3677 569 3743 168.
583 3673 615 3734 in
628 3675 765 3736 veraiona
782 3675 887 3736 Latina
906 3673 1062 3754 legendum
1077 3693 1153 3751 pro·

56 3775 168 3838 ponere
184 3780 201 3818 a
219 3779 268 3818 me
288 3768 515 3840 praeanmptuna
537 3767 591 3820 eat.
639 3759 751 3820 Privati
773 3781 865 3841 porro
883 3757 1044 3838 Dynaatiae
1060 3755 1152 3818 hun·

57 3843 172 3904 numeri
198 3842 277 3906 inter
296 3863 328 3904 ao
349 3845 483 3926 diaparaa
505 3865 610 3924 param
629 3863 721 3906 unam
748 3863 894 3906 rammam
924 3841 1071 3903 offerunt:
1099 3840 1152 3902 utu'

55 3945 183 4007 namque
197 3928 427 3990 Paammitichnn
442 3949 497 3990 rex
510 3931 540 3996 5.
556 3949 649 3990 annot
663 3930 714 3997 45.
729 3927 929 3990 Paammutbie
941 3933 972 3992 7.
989 3945 1083 3984 annoa
1098 3929 1150 3990 17.

55 4009 190 4092 Vaplnea
210 4019 242 4080 8.
262 4034 355 4074 annoa
372 4013 422 4082 25.
439 4013 555 4074 Amoaia
575 4017 607 4082 9.
630 4033 724 4074 annoa
738 4015 789 4081 42.
808 4015 841 4072 in
859 4013 972 4074 Graeco
988 4007 1152 4090 exemplari

55 4097 210 4175 obtinent,
231 4097 344 4179 primur
363 4099 397 4157 in
418 4097 522 4160 Latina
543 4099 720 4180 Hieronymi
736 4095 981 4176 interpretatione
1003 4093 1055 4176 44.
1075 4093 1150 4156 aiter

55 4187 105 4248 12.
120 4183 232 4243 tertiua
247 4186 297 4248 80.
321 4183 445 4245 ultimua
464 4185 516 4252 43.
538 4185 674 4246 referunt
691 4193 721 4244 et
735 4182 894 4262 utrobique
910 4197 1059 4240 annorum
1079 4181 1151 4246 129.

55 4277 243 4350 componunt
263 4287 425 4346 aummam,
452 4289 530 4351 qnae
553 4269 676 4350 reliquia
700 4267 842 4330 adiuncta
862 4269 934 4334 168.
956 4273 1150 4330 memoratam

122 4363 224 4439 um.
240 4365 378 4436 draccttaa.
396 4367 434 4424 u.
574 4425 575 4430 ,
900 4353 943 4421 26
