2860 4714
132 413 144 420 ,
271 328 349 408 858
642 331 994 404 EMENDATIONES

271 493 417 574 secundo,
436 497 562 577 ceptimo
584 503 611 552 et
632 494 776 574 eigeairno
798 493 911 552 meneia
934 492 1076 569 arefacta
1098 503 1144 552 eat
1165 501 1256 556 terra.
1272 511 1302 552 v.
1323 494 1369 559 14.

270 585 408 649 revoluta
431 581 468 641 ab
489 581 611 642 ineunte
632 577 749 638 diluvio
771 577 844 636 eolia
864 597 961 636 annue
976 575 1113 658 periodo.
1158 576 1243 638 Circe
1259 587 1370 638 textum

272 668 414 733 Authorie
431 665 669 742 observandum,
691 683 757 724 eum
785 661 879 722 annui
893 661 1064 722 Kalendarii
1084 663 1206 722 tabulae
1229 663 1281 721 aibi
1297 683 1368 744 pro-

271 755 353 838 priae
366 753 545 834 reapexieae,
567 770 624 810 nec
639 747 779 809 ianuario
796 767 897 808 menae
912 747 996 808 iuxta
1010 748 1158 808 lulianum
1175 767 1297 822 morem,
1314 749 1367 807 lit-

270 849 402 904 terarum
417 837 505 898 seriae
518 835 717 896 indicantium
733 833 927 892 mutationem
942 834 1061 894 leciaaae
1087 853 1147 913 qne
1166 853 1206 892 ex
1218 833 1369 892 obarman-

271 925 315 986 tia
341 923 486 1004 contigit,
507 931 543 982 ut
561 920 664 980 aedem
685 925 801 981 retenta
816 918 934 996 littera,
955 917 989 978 in
1006 918 1045 978 iia
1068 939 1144 999 quae
1164 928 1236 998 poet
1249 919 1369 978 Ianuarii

272 1009 423 1072 Kalendae
443 1007 587 1068 accidiam
611 1014 730 1078 narrat,
749 1003 782 1063 in
802 1003 926 1076 eandem
949 1023 1067 1084 qnoque
1090 1004 1195 1066 leriam
1220 1005 1367 1064 coniiciat:

271 1095 346 1156 aliea
360 1115 423 1155 non
434 1093 510 1154 lavia
524 1101 600 1152 emet
613 1091 694 1159 eiua,
716 1089 766 1150 vel
781 1087 906 1152 librarii
922 1107 1022 1164 error,
1044 1090 1115 1150 anni
1130 1090 1240 1150 luliani
1257 1090 1315 1150 dies
1333 1089 1369 1148 ed

271 1181 394 1241 alteriue
409 1178 480 1238 anni
498 1179 589 1238 Nicen
605 1174 746 1234 Kalendis
764 1173 937 1255 incipientia
951 1176 1187 1236 commoliendo·
1201 1195 1263 1234 non
1278 1170 1368 1234 anen-

271 1266 379 1328 dentie.
423 1265 578 1324 Caeterum
601 1257 822 1340 frequentiorea
849 1259 992 1338 marginis
1016 1261 1257 1338 emendatione-e,
1289 1260 1366 1318 velut

273 1351 431 1411 adiunctae
449 1347 602 1428 reliquae,
631 1365 669 1405 ex
683 1347 886 1405 Romanorum
905 1345 1121 1428 Aegyptiarum
1144 1357 1176 1406 et
1188 1343 1366 1406 ludaicorum

272 1435 420 1498 mentium
433 1432 553 1493 laudate
569 1430 671 1491 tabula
688 1431 932 1512 comprobantur.

354 1519 425 1598 Peg.
448 1523 498 1587 27·
526 1521 627 1580 Ταῦτα
648 1513 703 1597 μὲν
720 1516 754 1581 le
769 1519 852 1596 rein]
874 1513 987 1576 Laudat
1000 1513 1167 1576 Authorem
1188 1514 1320 1594 Scaliger,
1338 1522 1367 1573 et

272 1603 437 1684 Augustino
455 1603 493 1664 da
512 1603 603 1666 Cirit.
619 1602 672 1662 Dei
689 1602 829 1682 superius
849 1599 942 1662 citato
964 1601 1134 1664 consentire
1149 1599 1272 1672 ecribit,
1292 1609 1320 1660 et
1332 1599 1367 1658 ed

273 1693 398 1754 verbum
416 1688 588 1750 transcribit
606 1707 673 1796 pag.
690 1689 762 1755 245.
1083 1695 1087 1713 ¹

346 1773 387 1840 ”A
402 1769 563 1856 ὀφθαλμὸς
578 1796 635 1836 our
651 1767 760 1846 eidem]
803 1771 872 1832 Non
885 1771 918 1832 in
932 1767 1106 1850 apocrypho
1123 1769 1216 1830 modo
1231 1769 1307 1830 Eliee
1321 1789 1368 1828 re-

272 1861 431 1936 velatione,
454 1859 507 1920 aed
518 1863 551 1919 in
566 1857 700 1940 prohetia
715 1867 746 1918 et
760 1859 888 1938 receptis
902 1857 994 1916 leaiaa
1007 1855 1159 1916 vaticiniie
1175 1876 1308 1936 praeaene
1319 1853 1366 1912 hic

272 1945 358 2007 looua
387 1945 537 2026 reperitur
558 1963 624 2023 cap.
654 1943 704 2009 64.
728 1943 760 2001 in
788 1962 877 2022 quem
901 1941 1110 2020 Hieronymus.
1160 1941 1366 2020 Parapluaain

272 2031 368 2092 huiua
379 2031 544 2090 testimonii
560 2029 651 2108 quaai
667 2027 840 2086 Hebraeum
855 2047 889 2084 ex
903 2025 1053 2086 Hebraeia
1073 2029 1276 2106 oeaumpee'are
1288 2027 1366 2105 Apo-

272 2119 388 2176 stolum
400 2116 537 2192 Paulum
548 2111 585 2170 de
598 2111 783 2170 authentioia
797 2111 893 2170 ldrria·
901 2114 935 2170 in
948 2111 1087 2190 epistola,
1108 2133 1203 2192 quum
1217 2112 1317 2172 acridit
1331 2107 1370 2168 od

276 2200 450 2264 Corinthiae
464 2220 523 2258 non
536 2197 660 2258 verbum
674 2217 708 2254 ex
724 2195 811 2256 verbo
828 2193 1014 2272 reddentem,
1035 2195 1120 2276 quod
1131 2197 1241 2272 faeere
1257 2199 1368 2256 omnino

273 2287 450 2364 contemnit,
472 2279 662 2342 aed'aenenm
677 2283 884 2362 exprimentem
899 2285 1070 2357 veritatem,
1094 2281 1207 2361 quibua
1222 2287 1318 2342 utitur
1331 2277 1370 2338 ud
1410 2279 1411 2303 *

274 2368 311 2430 id
318 2367 402 2451 quod
412 2368 542 2428 voluerit
555 2365 772 2426 roborandum
801 2367 898 2442 Quam
913 2365 997 2428 Pauli
1011 2367 1166 2446 epistolam
1175 2389 1243 2426 cunr
1257 2367 1370 2447 quidam

274 2455 336 2520 fida
349 2463 467 2515 nutaaaa
483 2455 522 2513 ob
538 2453 744 2512 teetimonium
763 2471 801 2512 ax
816 2450 997 2532 apocryphie
1019 2451 1161 2512 eductum
1185 2455 1370 2532 auspicaren-

272 2551 342 2618 tur,
371 2540 479 2601 merita
504 2547 662 2598 rucconeet
685 2537 887 2618 Hieronymuo
911 2537 945 2596 in
969 2535 1111 2596 Matthaei
1137 2548 1230 2618 caput
1246 2545 1275 2604 2.
1296 2557 1324 2596 r.
1343 2542 1368 2600 9.

274 2627 417 2694 scribone.
458 2622 712 2705 Apocryplrorum
728 2621 930 2682 deliramenta
944 2621 1122 2696 conticeant,
1146 2643 1224 2701 quae
1237 2643 1270 2682 er
1286 2641 1367 2682 occa·

275 2716 360 2774 etone
375 2711 473 2771 huius
488 2711 653 2768 teatimonii
665 2711 850 2788 ingeruntur
864 2707 1010 2767 Eccleaiia
1028 2708 1153 2767 Cleriati.

358 2791 411 2860 Ἔν
422 2800 460 2881 τῇ
471 2793 549 2878 Ιπρὸς
562 2789 721 2872 Ἐφεσίους
736 2793 771 2856 ἐκ
785 2797 842 2856 roei
852 2789 1014 2873 dereptam]
1057 2791 1258 2872 Hieronymue
1271 2791 1361 2850 iterum

274 2882 309 2942 in
327 2883 408 2942 illiue
427 2881 569 2962 epistolae
592 2900 656 2958 cap.
677 2881 706 2944 5.
749 2880 818 2958 Ego
840 2889 916 2936 certe
938 2873 1104 2936 seeundum
1123 2876 1362 2957 paupertatulam
1409 2941 1410 2946 ἵ

275 2987 375 3026 meam
391 2985 491 3024 omnee
505 2965 649 3024 editiones
662 2975 794 3024 veterum
809 2965 1052 3042 nupturam,
1075 2966 1205 3042 ipaapue
1222 2963 1364 3024 Hebraeo·

276 3071 347 3110 rum
359 3052 518 3110 volumina
526 3049 688 3130 diligenter
697 3049 863 3108 eventilant
876 3069 1036 3126 nunquam
1048 3047 1105 3108 hoo
1116 3051 1265 3128 scriptum
1275 3046 1363 3127 reperi.

277 3135 313 3196 D.
329 3133 457 3196 Thomas
482 3135 520 3195 ad
534 3135 589 3194 illa
605 3135 696 3196 verba
712 3133 804 3194 laniae
820 3139 872 3200 60.
915 3135 1013 3213 Surge
1030 3133 1209 3192 illuminare
1224 3137 1364 3194 Hieruso-

276 3221 335 3279 lem
349 3222 426 3300 quia
439 3223 519 3280 venit
533 3221 634 3279 tumen
647 3231 738 3278 tuum
751 3229 805 3282 etc.
822 3228 923 3278 cenaet
936 3219 1111 3298 Apostolum
1126 3219 1272 3280 allueieee.
1306 3218 1365 3278 Hie-

274 3325 421 3384 ronyroue
442 3304 564 3367 iterum.
610 3307 672 3385 Qui
689 3297 828 3384 aimplici
845 3307 1034 3384 responaione
1054 3315 1212 3366 contentu-r
1233 3314 1290 3381 eat,
1316 3299 1364 3360 di·

276 3401 341 3464 oet,
363 3393 397 3450 in
413 3387 578 3449 reconditia
594 3411 662 3450 eum
678 3390 857 3470 Prophetis,
879 3401 906 3448 et
920 3389 971 3448 tta
988 3409 1065 3468 quaa
1087 3401 1239 3450 uocantur
1256 3407 1366 3470 apocry-

271 3474 354 3558 pha,
382 3473 458 3534 haec
478 3475 556 3534 iectu
575 3478 608 3534 in
635 3473 770 3534 medium
787 3475 956 3554 protulieae
982 3473 998 3556 (
1006 3477 1087 3534 eiout
1108 3487 1136 3533 et
1150 3479 1185 3534 in
1210 3477 1284 3534 aliie
1303 3493 1365 3554 quo-

277 3583 334 3643 que
363 3561 440 3619 lucia
461 3581 531 3620 eum
549 3561 662 3637 facim
689 3563 886 3636 manifestum
913 3559 978 3640 eet)
1012 3581 1073 3619 non
1102 3560 1190 3642 quod
1208 3557 1366 3642 apocrypho

276 3645 497 3726 comprobaret:
532 3642 595 3707 eed,
608 3643 695 3726 quod
722 3657 751 3706 et
775 3647 871 3706 Arati
895 3655 923 3704 et
946 3645 1139 3725 Epimenidia
1164 3657 1194 3706 et
1219 3641 1366 3707 Menandri

275 3731 415 3792 retribue
439 3734 481 3790 eit
503 3729 620 3790 abuaue
643 3729 690 3790 ad
719 3753 755 3790 ea
777 3753 855 3811 quae
875 3729 1011 3792 voluerut
1030 3735 1217 3811 intempore
1241 3749 1365 3810 compro·

279 3815 391 3882 danda.
428 3818 490 3878 Neo
503 3827 606 3875 tamen
619 3827 645 3874 et
653 3817 751 3876 Arati
767 3828 794 3875 et
804 3813 998 3896 Epimenidie
1011 3827 1038 3874 et
1046 3815 1212 3878 Menandri
1227 3829 1288 3878 tota
1299 3831 1365 3894 quat

278 3906 422 3982 arripuere
446 3913 520 3962 eunt
550 3913 674 3979 saneta,
703 3905 782 3984 quia
813 3923 879 3962 vere
908 3923 957 3960 eoa
984 3901 1111 3983 aliquid
1139 3901 1256 3963 dirime
1281 3911 1365 3962 terto·

278 3998 331 4046 tua
348 3999 401 4050 eat.

363 4073 432 4150 Per.
454 4077 506 4140 28.
527 4067 688 4154 Βηρωσσός
703 4067 736 4134 δὲ
751 4071 783 4135 ἒν
797 4073 837 4158 τῇ
846 4066 974 4156 πρώτῃ]
998 4070 1180 4148 Alexandri,
1202 4095 1262 4134 uon
1278 4066 1364 4132 Berosi

279 4155 393 4233 ecripta
414 4157 558 4217 Authorie
572 4171 722 4237 tempore,
742 4161 823 4235 quod
839 4177 901 4218 non
917 4156 1015 4234 huius,
1033 4159 1088 4218 aad
1101 4157 1184 4218 illiue
1202 4158 1364 4218 authoritate

280 4247 392 4313 utatur,
412 4243 547 4302 extitioae
560 4245 707 4324 aurpicor.
736 4241 855 4303 Author
869 4244 934 4318 ipae
947 4242 1082 4305 inferius.
1114 4247 1216 4308 Ταῦτα
1230 4241 1303 4326 φησὶ
1314 4243 1362 4302 llo·

281 4321 409 4404 totototo
422 4319 615 4409 Ἀλέξανδρος
630 4324 684 4392 adr
701 4325 864 4410 Βηρωσσὸν
878 4327 910 4394 ἐν
926 4333 965 4414 τῇ
977 4323 1079 4416 nooirp
1096 4323 1235 4410 peiorem
