2888 4714
298 357 374 436 eoo
447 301 452 314 ’
670 363 1021 434 emmanonrs

299 529 458 592 ascribunt.
500 525 615 590 Plinius
631 521 670 586 ad
684 541 793 584 annum
809 521 840 588 4.
857 521 980 601 Olymp.
995 519 1048 588 48.
1069 517 1194 580 Solinus
1220 519 1261 580 ad
1282 520 1398 602 olymp.

299 619 349 684 49.
361 613 501 676 Eusebiur
514 613 683 690 adOlymp.
691 611 744 674 48.
761 627 871 666 annum
885 614 915 674 2.
940 606 1070 684 Scaliger
1078 605 1118 664 ad
1127 605 1265 666 eiaadem
1278 607 1400 686 Olymp.

298 700 415 760 tertium
431 705 587 758 revocant:
609 693 711 754 cuncti
723 702 791 751 ante
801 700 970 770 susceptum
980 711 998 748 a
1014 691 1092 770 Cyro
1108 689 1270 770 imperium
1281 699 1396 758 ww.

296 787 348 850 28.
363 784 413 844 vel
427 783 465 842 ad
479 800 628 842 summum
642 784 693 846 29.
708 777 801 852 annis,
814 776 866 856 qui
881 797 918 835 ex
937 776 1073 854 Astyagis
1089 785 1121 834 et
1135 777 1264 836 ariense
1283 778 1396 836 coniu-

297 869 345 947 gio
367 876 432 928 tum
455 867 590 941 firmato,
615 865 663 924 vel
685 861 711 921 ai
730 863 804 922 velia
829 862 920 938 inito,
949 861 1154 941 suscipiendae
1172 861 1334 938 blandani,
1363 872 1395 920 et

297 955 377 1032 Cyro
397 972 435 1011 ex
456 951 602 1012 blandana
621 957 690 1007 nato
708 947 745 1008 ad
760 947 876 1006 virilem
891 955 1032 1018 aetatem,
1054 967 1113 1026 qua
1128 945 1283 1004 debellarit
1298 966 1393 1006 avum

296 1039 474 1116 Astyagem,
496 1033 690 1116 provehendo
719 1033 890 1092 nullatenus
913 1031 1048 1090 sulficere
1074 1031 1250 1090 iudicantur.
1299 1033 1391 1090 Peta-

296 1124 366 1184 rius
384 1123 437 1184 lib.
455 1127 503 1188 10.
515 1121 551 1180 de
566 1121 648 1178 Doct.
661 1119 763 1195 Temp.
782 1137 847 1196 cap.
867 1123 895 1182 1.
912 1116 943 1174 in
963 1115 1153 1196 Olympiadis
1166 1118 1213 1182 45.
1226 1135 1339 1175 annum
1353 1115 1388 1181 4.

299 1191 434 1286 eclipsim
450 1205 533 1266 illam
545 1205 659 1278 reiicit,
680 1212 710 1260 et
727 1205 860 1279 cyaxare
875 1210 1030 1278 regnante,
1052 1219 1089 1258 ex
1113 1201 1255 1260 Herodoti
1273 1211 1302 1260 et
1315 1201 1389 1260 Eu-

300 1293 379 1354 demi
398 1290 483 1350 dictia
498 1299 528 1348 et
543 1287 816 1348 Astronomicarum
836 1286 1007 1345 tabularum
1030 1284 1280 1346 observationibus
1299 1285 1387 1344 acci-

202 1385 234 1440 Ρ.
248 1385 282 1441 65
301 1379 378 1438 dieas
396 1374 565 1435 contendit:
589 1374 672 1432 cuius
695 1371 806 1430 calculi
830 1392 863 1430 ea
883 1371 919 1430 de
937 1391 1022 1430 causa
1046 1371 1217 1450 probantur
1238 1370 1385 1444 certiores,

298 1461 378 1541 quod
394 1479 411 1518 a
427 1461 524 1540 primo
538 1457 673 1518 delectus
685 1457 767 1516 illiue
782 1456 891 1530 limite,
922 1455 959 1512 ad
977 1454 1048 1534 Cyri
1062 1465 1183 1536 ternpus
1202 1459 1252 1524 bit
1270 1456 1386 1516 circiter

296 1565 406 1614 annos,
427 1553 493 1604 tum
507 1543 646 1604 blandani
661 1541 799 1620 coniugio
817 1539 1026 1616 maturandae,
1046 1549 1112 1598 tum
1127 1543 1209 1620 Cyro
1225 1541 1264 1600 ad
1275 1542 1386 1600 virilem

296 1639 423 1692 aetatem
435 1629 624 1704 deducendo,
647 1636 815 1687 numerent.
858 1625 1119 1703 Quantaecumque
1132 1646 1210 1684 vero
1230 1627 1301 1686 aliae
1313 1646 1386 1684 con-

295 1715 420 1796 tigerint
431 1715 554 1794 eclipees
566 1714 646 1774 circa
660 1713 692 1772 id
706 1722 838 1790 tempus,
861 1709 900 1770 ad
915 1731 978 1770 eam
992 1729 1068 1788 quaa
1082 1711 1214 1770 Eusebio
1230 1712 1271 1770 ad
1283 1730 1388 1772 annum

296 1799 444 1862 Abrabam
461 1800 551 1866 1430.
567 1799 614 1859 vel
627 1797 678 1856 bic
694 1794 824 1856 Authori
838 1805 1046 1869 memorantur,
1068 1815 1224 1876 nusquam
1240 1806 1388 1878 spactant:

296 1906 355 1946 una
370 1895 415 1944 eat
428 1885 524 1960 enim,
546 1901 637 1962 eoque
654 1876 823 1961 σόμαασαα
841 1881 963 1940 Thalete
975 1879 1137 1958 praedicta.

379 1963 543 2051 Ἀστυάγης
568 1963 692 2039 Λυδοός
715 1963 937 2044 memetipse]
975 1965 1098 2024 Vivente
1129 1965 1275 2028 nimirum
1304 1974 1385 2045 patre

297 2057 448 2136 cyaxare,
476 2055 561 2114 cuiue
591 2051 729 2130 auspiciis
755 2049 916 2125 militabat3
945 2060 1063 2130 sumpta
1086 2069 1161 2112 vero
1183 2053 1216 2110 in
1234 2051 1387 2128 coniugem

293 2141 420 2214 briena,
441 2138 542 2198 Medos
561 2137 639 2194 inter
651 2143 680 2192 st
695 2133 791 2211 Lydoa
807 2135 913 2194 foedus
928 2134 1035 2194 initum
1052 2145 1116 2212 est,
1140 2137 1225 2216 quod
1241 2157 1277 2196 eo
1297 2153 1387 2214 usqua

292 2243 409 2284 sacrum
425 2221 533 2280 manait
550 2227 580 2278 et
598 2217 790 2294 inviolatum,
812 2217 908 2278 donec
925 2220 1108 2278 vindicando
1119 2223 1242 2299 Astyagi
1257 2243 1276 2278 a
1290 2221 1385 2281 Persis

289 2307 371 2384 aegia
385 2305 453 2364 sede
473 2303 613 2384 depulso,
634 2301 715 2364 filius
740 2303 865 2384 alyattis
884 2307 1009 2366 Grosaua
1030 2306 1063 2364 in
1085 2305 1194 2385 Cyrum
1215 2325 1298 2364 arma
1311 2325 1383 2364 mo-

291 2391 370 2454 viaae
384 2399 533 2452 narratur.

374 2470 508 2556 Ἀβόρεις
521 2465 647 2555 didon]
665 2473 833 2535 Verborum
849 2475 972 2536 istorum
988 2475 1139 2536 laudanda
1152 2473 1292 2553 scaligeri
1309 2495 1381 2534 cor-

290 2561 401 2622 rectio:
412 2557 539 2640 ’Ἆβαρις
553 2552 667 2639 iliter.-
687 2559 725 2620 da
740 2559 829 2620 Abori
846 2581 970 2639 namque
983 2559 1105 2620 homine
1120 2559 1257 2640 privato,
1272 2560 1381 2640 dequo

290 2647 398 2707 Suidaa
413 2645 447 2706 V.
457 2640 599 2726 Ἄβαρις,
621 2663 684 2704 non
699 2645 736 2704 de
751 2645 896 2705 Avaribus
916 2645 1056 2723 Scythico
1071 2645 1186 2726 populo
1199 2655 1246 2705 est
1257 2645 1382 2706 lumen·

291 2751 398 2793 sermo.
441 2730 487 2789 Ob
509 2729 673 2788 dictionum
686 2726 814 2810 ’Λβαρις
834 2741 864 2789 et
881 2723 1016 2811 Ἀβόρεις
1041 2732 1219 2790 affinitatem
1243 2731 1381 2810 quodque

289 2837 345 2878 suo
362 2826 497 2895 tempore
511 2815 640 2874 Avarum
656 2833 727 2891 gens
742 2815 908 2902 Romanum
922 2815 1079 2894 imperium
1096 2817 1188 2876 armis
1206 2817 1378 2893 incursaret,

289 2903 326 2962 ab
342 2919 400 2959 una
416 2899 537 2958 transiit
550 2899 583 2958 in
599 2899 687 2958 aliam
709 2899 875 2975 Librariue5
900 2909 929 2956 et
942 2909 976 2958 ut
991 2899 1210 2960 hallucinatum
1226 2921 1256 2960 se
1270 2901 1381 2960 satere-

288 2995 339 3045 tur
352 2994 382 3042 et
396 2984 536 3063 proderet
552 2985 668 3063 aptius,
688 2984 878 3062 marginalem
896 2985 1035 3063 apposuit
1055 2985 1311 3046 observationem:
1332 3007 1382 3065 ση-

287 3062 688 3232 utrrrrltn
703 3067 1312 3234 ..ἓαῑίααυῒαθυυαα
1326 3075 1380 3216 r

287 3237 398 3298 dream
406 3283 415 3314 ,
438 3247 468 3298 et
484 3259 539 3298 nos
553 3237 586 3298 in
603 3239 855 3299 observationibus
870 3239 908 3298 ad
922 3259 988 3298 eum
1001 3239 1099 3300 editis.

373 3317 560 3404 Πυθαγόρας
574 3321 590 3386 ό
602 3318 740 3406 Σάμιος]
756 3325 866 3384 Textus
881 3324 1073 3402 corruptione
1082 3324 1210 3385 vitiatur
1225 3324 1281 3386 boc
1289 3333 1377 3404 pacto

194 3437 199 3445 ·
287 3406 507 3470 smsculaudus.
538 3403 726 3491 Πυθαγόρας
752 3403 904 3488 όΣόμιος
925 3403 1054 3489 α’ίόμπια
1082 3403 1233 3487 α’θλήαειν
1256 3409 1377 3492 ptum,

285 3485 348 3552 o‘rrd
362 3490 481 3552 παίδων
499 3489 608 3571 ἐκρίθη
622 3489 698 3571 πρός
709 3489 831 3574 πυγμήν
845 3487 970 3566 όπαίός·
992 3491 1108 3576 πραβός
1128 3492 1162 3558 δὲ
1177 3493 1251 3570 roric
1270 3493 1377 3574 ἄνδρας

284 3573 378 3639 ἐνίκα.
415 3575 509 3635 Aliter
521 3575 684 3655 interpolat
699 3579 837 3658 Scaliger.
860 3573 1046 3660 Πυθαγόρας
1060 3577 1076 3643 ό
1088 3573 1209 3660 Σόμιας
1222 3575 1376 3662 &pascier

285 3659 424 3742 ἕξεαρίθη
439 3661 556 3722 παίδων
563 3704 572 3736 ,
595 3659 636 3733 alc
652 3655 783 3741 αἰγιαλός,
804 3659 938 3744 προσβὰς
950 3661 1021 3737 roric
1038 3659 1152 3745 ἄνδρας
1172 3665 1268 3728 ἐνίκα.
1296 3664 1375 3725 dde-

284 3743 399 3806 lescens
420 3746 478 3805 suit
493 3746 566 3804 adeo
583 3745 639 3806 rili
658 3757 798 3828 aspectu,
821 3757 856 3808 ut
874 3747 989 3808 viribus
1008 3751 1200 3827 quantumvis
1217 3761 1374 3830 praestana,

285 3829 324 3890 ad
344 3831 461 3910 puerile
478 3839 626 3890 certamen
647 3852 663 3890 a
685 3833 803 3913 pueris,
826 3852 878 3894 ceu
900 3832 1052 3910 infirmus,
1073 3854 1136 3894 non
1154 3835 1316 3912 admissus,
1337 3835 1374 3894 ad

283 3915 366 3977 viros
385 3935 574 3994 progressus,
597 3925 707 3976 etcum
723 3919 762 3977 eis
778 3937 952 3995 congressae
968 3917 1066 3978 victor
1080 3919 1231 3980 evaderet.

365 3991 375 4020 ’
401 4001 531 4080 ρρίαγίαν
547 3997 713 4082 depuleris]
735 4002 895 4062 Historiam
910 4001 1050 4064 nonnihil
1064 4005 1223 4064 obscuram
1237 4004 1332 4066 susim
1348 4013 1375 4064 et

282 4083 445 4144 dilucidius
461 4087 554 4146 refert
565 4085 724 4146 Pausanias
738 4085 771 4145 in
787 4087 948 4148 Arcadicis.
982 4087 1066 4146 Tulit
1080 4087 1250 4149 Arraclrion
1265 4091 1374 4170 palmas

282 4167 357 4227 duaa
372 4188 388 4228 e
403 4171 605 4249 superioribus
619 4171 859 4251 olympiadibus,
881 4182 911 4232 et
929 4181 1067 4251 quartem
1078 4193 1170 4254 supra
1190 4174 1372 4254 quinquage-

281 4247 402 4342 aimam,
423 4262 489 4313 tum
509 4255 587 4312 iusta
605 4275 707 4316 eorum
727 4257 777 4334 qui
796 4256 878 4316 ludis
902 4257 1111 4338 praesidebant
1129 4259 1294 4336 sententia,
1314 4270 1370 4318 tuas

281 4339 397 4394 urtnte
419 4355 474 4396 sua
493 4337 621 4418 oppido,
643 4359 734 4419 qmm
758 4340 905 4420 insignem
926 4341 1045 4406 meruit.
1087 4343 1162 4404 cm
1182 4345 1264 4405 eninr
1287 4343 1368 4406 victis
