2888 4714
296 359 373 438 480
665 359 1013 434 EMENDATIONES

380 523 441 590 Kal
456 521 537 634 'o'paea
556 515 701 604 Midou]
722 520 796 582 Loci
808 537 918 582 nomen
931 516 1092 599 proprium
1112 517 1255 599 auperina
1271 519 1399 602 ecripait

295 609 414 674 Author
427 608 468 686 ad,
496 613 575 691 Ορη,
597 627 636 668 ex
656 613 708 674 to.
734 605 948 686 Interpretibua
963 605 993 668 4.
1020 603 1136 684 Regum
1152 623 1218 685 cap.
1232 607 1280 670 18.
1293 625 1325 664 v.
1341 611 1399 672 11.

298 695 333 760 ie
345 689 439 778 Ἀβοδρ
457 697 582 775 noaapei
595 691 647 755 aeui
659 688 755 766 Γοζᾶν
770 687 906 772 eul'Opn
919 683 1050 768 Μήδων.
1082 687 1143 748 Ubi
1156 689 1279 750 huna·
1288 689 1400 749 tnta·-

294 799 373 862 prea.
407 781 444 840 ln
459 779 542 839 Abor
556 757 649 837 ilnvio
663 787 692 836 et
706 777 808 836 Gozen
821 783 850 834 et
864 777 924 834 tire
942 773 1107 834 Medorum.
1147 772 1202 832 llic
1221 774 1398 854 appellati-

296 883 368 926 vum
387 873 419 924 et
430 883 484 945 per
499 883 584 923 cama
595 862 707 922 flexum
721 861 912 921 demonatret.
956 857 1125 917 Secundam
1138 857 1211 917 hanc
1222 859 1397 919 lectionem

297 947 409 1031 probat
428 948 572 1009 Euaebina
591 946 766 1027 Hieronymi
785 945 824 1005 ad
844 961 956 1004 ennam
975 941 1112 1002 Abrahae
1134 947 1222 1009 1279.
1242 943 1396 1004 ema'hena.

298 1037 411 1094 Decem
423 1033 522 1092 tribue
536 1035 705 1092 tronelntae
717 1042 790 1091 aunt
810 1033 843 1088 in
865 1038 979 1088 mantea
992 1025 1162 1088 Medorum
1201 1028 1334 1088 &arim
1356 1038 1396 1088 et

298 1119 435 1180 Sanctim
451 1119 605 1179 adiunctae
619 1117 763 1176 dictiones
775 1114 935 1174 elucidant.

297 1193 304 1208 '
384 1208 486 1284 Δῆλον
495 1195 669 1280 ὅτιΜήδων
680 1198 713 1264 τὸ
726 1198 833 1283 γένος]
847 1200 928 1258 llaec
943 1195 1069 1258 Euaebio
1082 1197 1218 1278 moripta
1230 1218 1286 1278 pro
1301 1198 1394 1258 libito

298 1297 420 1349 truncat
432 1287 563 1365 Scaliger
578 1287 611 1344 in
625 1295 733 1356 textu,
756 1295 786 1346 et
800 1283 929 1344 rationea
943 1282 995 1342 hic
1010 1283 1113 1342 allatu
1137 1283 1208 1342 Not.
1227 1303 1293 1364 pag.
1311 1287 1392 1348 257.

272 1439 274 1444 ,
300 1371 506 1450 frigidiaaimaa
525 1380 629 1431 vocet:
651 1367 764 1453 ὅψιμος
781 1368 900 1431 eateiua
913 1368 1049 1446 ἐξουσία,
1069 1377 1100 1427 et
1120 1387 1312 1449 anpraaunm
1324 1369 1392 1428 Eu·

297 1451 409 1516 cebium
426 1449 590 1536 ὀψιμαθία.

381 1540 447 1619 Pte·
469 1545 541 1606 206.
560 1534 906 1622 itmd'Zapdauuneiiou]
933 1538 1095 1618 Hucnaqne
1113 1538 1248 1618 Scaliger
1264 1537 1297 1596 in
1314 1535 1392 1597 ficto

296 1622 436 1684 Euaehio.
458 1623 551 1686 Verua
565 1624 674 1686 author
686 1624 858 1685 inchoatum
868 1643 1034 1684 sermonem
1048 1623 1247 1703 persequitur.

383 1707 599 1792 Σαλμανασᾶρ,
617 1705 654 1773 ὃν
666 1709 718 1772 aui
734 1705 918 1791 Ναβονασᾶρ
934 1707 1080 1788 καλοῦσι]
1102 1708 1263 1785 Diveraoa,
1282 1728 1317 1766 ec
1327 1727 1394 1766 non

298 1793 404 1854 netetia
427 1795 554 1854 eiuadem
575 1793 739 1874 principea,
768 1795 820 1854 aed
839 1813 930 1854 unum
955 1793 1042 1852 elteri
1065 1813 1244 1873 supparem,
1273 1791 1394 1871 quidam

298 1881 409 1940 volunt
422 1880 503 1960 apud
519 1877 671 1940 Petavium
684 1879 762 1938 libro
774 1885 803 1946 9.
818 1879 952 1940 delicet.
967 1879 1072 1958 Temp.
1091 1898 1159 1957 cap.
1174 1879 1225 1943 59.
1239 1879 1292 1935 alii
1309 1897 1394 1936 coae-

300 1973 404 2024 teneoa
421 1964 556 2044 quidem,
579 1974 610 2025 et
624 1963 774 2024 diveraoe:
797 1963 850 2022 alii
863 1963 990 2043 denique
1005 1981 1098 2022 unum
1114 1972 1146 2022 et
1160 1961 1284 2020 eundem
1295 1959 1395 2020 homi.

212 2079 222 2090 ·
300 2067 369 2110 nem
383 2069 441 2108 uno
456 2059 486 2108 et
497 2049 590 2108 altero
606 2048 725 2107 nornine
737 2047 964 2127 appellandum,
986 2047 1093 2126 quibui
1107 2045 1227 2106 Author
1238 2047 1396 2107 consentit.

300 2133 366 2212 lpee
382 2134 519 2192 Petaviua
535 2133 667 2190 diveraoa
686 2131 855 2208 contendit,
876 2131 992 2192 veritus
1011 2152 1048 2192 ne
1067 2132 1310 2191 Selmenaaarmn
1332 2151 1395 2192 cnm

299 2216 458 2275 Merodaco
471 2217 649 2276 confundat:
670 2213 722 2274 hic
732 2237 860 2297 nemque
876 2216 1064 2296 Babyloniia,
1086 2237 1157 2276 eum
1170 2217 1246 2276 alter
1257 2217 1394 2296 Aaayriie,
1437 2265 1438 2274 ,

300 2297 498 2378 imperitabat.
541 2300 624 2374 Quid
645 2301 731 2361 tami
752 2299 798 2360 An
822 2321 885 2361 nen
901 2321 980 2361 unua
995 2302 1082 2361 alteri
1103 2321 1210 2382 parere
1223 2301 1341 2382 potuit,
1363 2307 1396 2360 et
1437 2293 1438 2333 ¹

299 2393 335 2441 ut
348 2392 465 2464 antrepa
478 2383 625 2468 principia
642 2387 773 2466 supremi
787 2387 865 2466 legen
880 2386 1051 2458 observare,
1073 2395 1104 2446 et
1119 2387 1184 2446 eius
1195 2385 1321 2446 militare
1338 2385 1395 2446 eti-

299 2467 439 2548 pendiial
467 2469 548 2530 Haec
567 2470 709 2532 bathonia
724 2474 821 2531 nostri
840 2491 938 2548 mena,
959 2469 1018 2552 ¹³⁰9
1033 2491 1130 2530 unum
1151 2471 1296 2530 aermonia
1307 2471 1345 2530 ah
1358 2490 1394 2529 eo

300 2554 454 2634 preemiaei
467 2555 667 2636 proponitum.
696 2556 844 2630 Quocirca
859 2557 1074 2632 Nehoneaarua,
1096 2555 1175 2614 idem
1191 2555 1244 2634 qui
1257 2555 1394 2632 llulaem,
1436 2579 1437 2604 ι

300 2637 334 2696 in
349 2639 580 2719 Babyloniorum
592 2661 695 2718 regum
708 2641 854 2700 laterculo
869 2651 993 2720 quantun
1008 2642 1121 2700 fruatn
1136 2649 1277 2701 cenatur
1293 2662 1312 2699 a
1340 2643 1395 2700 Pe·

301 2724 398 2784 tavioa
432 2745 471 2784 ue
497 2727 704 2786 Nebonaeerua
730 2726 809 2786 idean
839 2727 935 2805 primo
963 2725 1103 2785 laterculi
1129 2725 1200 2784 loco
1225 2745 1262 2784 ao
1288 2725 1396 2784 duride

303 2819 430 2888 quarto,
459 2809 504 2870 bie
521 2811 664 2872 nimirum
687 2831 723 2870 ao
749 2811 875 2873 diveraia
902 2811 1090 2892 temporibua
1115 2809 1314 2871 numenndue
1336 2829 1396 2870 oc·
1435 2841 1436 2877 t

302 2902 415 2954 currat.
966 2915 970 2924 ·

385 2978 453 3056 Peg·
474 2983 547 3046 207·
569 2973 619 3043 Ἐν
639 2977 673 3042 dl
692 2983 735 3068 epi*
748 2977 824 3044 vitea
838 2977 894 3062 aeia
910 2976 1039 3060 ἰσότητα.
1083 2979 1245 3060 Utrimque
1265 2978 1397 3040 Canonie

300 3059 459 3140 paritatem
473 3083 535 3123 non
549 3063 686 3125 exhibuit
703 3065 848 3126 Authoria
867 3067 963 3147 ipaiua
980 3065 1071 3127 fidei:
1099 3067 1251 3128 secundm
1267 3065 1396 3147 primam

300 3143 389 3225 longe
403 3159 539 3228 cuperat,
562 3151 599 3209 de
613 3171 672 3230 quo
687 3170 810 3212 exceeau
824 3171 878 3211 suo
893 3152 970 3214 loco.

386 3227 472 3294 Karai
488 3228 704 3316 nicapoeouaeda
719 3231 856 3316 meten]
880 3239 1062 3296 Praesente·
1075 3233 1316 3296 Aeuonomioum
1339 3235 1394 3291 Ca·

301 3335 412 3374 nonem
427 3327 537 3377 tractet
553 3321 691 3381 Patavini
706 3321 758 3383 lib.
775 3325 805 3387 9.
821 3319 858 3380 de
870 3321 1007 3381 doctrina
1021 3321 1124 3400 Temp.
1139 3341 1207 3402 cap.
1224 3321 1272 3385 ⁵2
1283 3327 1313 3378 et
1328 3328 1394 3376 tunt

267 3471 270 3478 Ι
302 3401 566 3478 exScaligeriaua,
587 3405 722 3465 tumelia
735 3405 826 3485 megia
841 3426 958 3484 nupera
975 3403 1105 3465 editione
1121 3405 1280 3466 nominum
1299 3395 1394 3484 dudo-
1433 3399 1434 3419 .

302 3486 436 3566 ypcoicn
449 3489 657 3550 correctiorem
671 3511 808 3570 promere
823 3491 966 3567 confidit,
989 3489 1042 3549 ubi
1054 3489 1222 3550 secundum
1238 3487 1394 3548 Chaldaeo·
1432 3505 1433 3510 ’

303 3589 373 3630 rum
386 3589 483 3649 regem
496 3571 633 3650 Nadinm,
655 3578 685 3640 8.
697 3575 866 3653 Chozirum,
888 3581 919 3642 6.
934 3575 1108 3652 ladanum,
1129 3579 1161 3640 9.
1182 3573 1392 3654 Apaonadiom,

305 3661 355 3722 10.
368 3655 549 3735 lligebelum,
573 3661 621 3724 18.
641 3658 848 3737 leariedinum,
870 3663 919 3728 15.
941 3659 1183 3740 Chyniladanum
1194 3658 1309 3734 reddit,
1330 3657 1394 3716 viee
1432 3659 1433 3691 ³

302 3739 406 3818 Nebii,
436 3741 588 3820 Chinzeri,
618 3742 762 3821 Arceani,
792 3745 1006 3826 Aporeuadiei,
1035 3741 1189 3822 Inigebali,
1226 3741 1391 3816 laurindini‚

304 3825 488 3905 Ciuiledeni,
507 3847 569 3888 non
587 3827 680 3888 aemel
701 3829 808 3907 modo,
840 3851 899 3910 quo
922 3831 1063 3890 mendum
1082 3828 1239 3908 irrepaieee
1256 3828 1392 3900 dicamne,

304 3909 358 3970 aed
368 3912 480 3972 iterum
495 3923 524 3973 et
537 3915 643 3986 tertio,
665 3912 698 3972 in
708 3915 845 3992 aequenti
859 3914 1067 3974 Ecclesiastico
1080 3913 1210 3989 Conone,
1230 3925 1260 3972 et
1270 3913 1391 3972 aubiun·
1431 3899 1432 3963 l

304 4004 355 4055 cto
370 3996 584 4058 Chaldaeorum
596 4019 699 4077 regum
713 3999 857 4060 laterculo
876 3999 1066 4080 ecriptornm.
1108 3997 1290 4077 Dinonepunt
1303 3997 1390 4058 adhue

305 4081 479 4162 principum
494 4083 620 4144 tatarum
634 4084 776 4144 nonnulli
788 4087 869 4165 apud
885 4085 1068 4163 Scaliger-um
1085 4081 1196 4142 Canon.
1215 4081 1296 4160 laag.
1309 4084 1387 4146 lih.2

305 4185 416 4224 nomeu
436 4167 519 4226 eliud
542 4168 728 4230 obtinentem
758 4171 905 4230 aecundua
930 4169 1008 4230 enim
1030 4167 1160 4229 Naaaiua.
1180 4166 1212 4234 4·
1236 4167 1386 4228 Dilulaena.

305 4251 337 4309 9.
363 4249 601 4327 Apononadicua.
631 4258 681 4320 10.
708 4253 908 4334 Herigebalua.
937 4261 989 4322 11.
1016 4250 1318 4314 Neamoemoudacna.
1343 4251 1386 4313 ld·
1429 4319 1430 4324 η

306 4325 485 4399 leraedinue.
502 4337 552 4404 14.
572 4337 785 4401 Seoaducinue.
801 4340 850 4407 15.
871 4339 1075 4402 Kiniladacue.
1090 4339 1140 4406 18·
1160 4331 1384 4400 intumum
