2944 4716
369 411 371 416 ,
419 331 479 400 ΕΤ
500 325 848 404 ANNOTATIONES.
1102 316 1175 394 521

89 509 185 572 quare
203 488 264 560 dici
282 495 384 572 posset
402 487 494 552 verba
515 487 572 565 tao
590 483 646 571 νβ’.
664 481 873 572 Κλεοπάτρας,
892 485 925 546 in
940 477 991 552 κε’.
1010 505 1049 550 ex
1064 495 1178 558 statuto

90 586 259 638 tercentum
274 581 399 636 numero
411 574 602 636 emendanda.
624 573 734 632 Iuvsnt
747 573 826 634 laone
839 573 875 634 de
888 573 1014 653 Georgio
1028 573 1183 655 auspicio·¹

89 682 162 722 nem
175 661 232 720 alia
245 661 307 722 eius
319 659 410 722 verbe
426 679 491 738 pag.
507 662 579 726 812.
592 657 626 718 D.
646 655 686 738 (si
700 667 801 716 tamen
815 659 937 720 mendae
958 661 1091 740 expertia
1111 660 1178 740 quis

90 743 249 826 sustineat)
264 743 446 808 huiuamodi.
468 742 567 822 ἔτυχεν
580 735 820 821 ἀποκαταστῆναι
835 741 909 804 κατὰ
923 739 991 808 τόδε
1005 740 1103 830 ,esoci-
1115 745 1179 820 ἔτος

90 835 153 894 τοῦ
164 825 287 911 κόσμον.
310 828 444 907 Contigit
460 837 558 886 antem
571 826 751 886 Alexandria
766 834 851 905 capta
862 827 1073 906 Aegyptiorum
1086 851 1180 890 anno·

89 936 164 978 rum
184 909 436 987 documentum
458 931 536 972 anno
557 910 650 988 igitur
671 920 833 990 praeeunte
854 912 960 970 mundi
978 915 1069 980 5470,
1093 918 1181 976 cleo.

91 1010 196 1082 patrae
216 1001 266 1066 25.
285 1019 345 1058 una
361 1017 430 1056 cum
448 996 523 1058 urbe
546 1005 575 1056 et
598 995 724 1076 imperio
749 995 904 1074 Cleopatra
922 995 1014 1056 vitam
1035 1001 1179 1062 amiserat

91 1085 132 1146 In
159 1085 317 1146 adversum
344 1090 404 1142 stat
428 1081 569 1160 Georgius
589 1079 652 1160 ipse
675 1079 765 1158 Regio
786 1080 893 1138 Codice
912 1079 1091 1158 instructus,
1120 1105 1180 1162 quo

95 1171 267 1248 Cleopatrae
282 1187 375 1226 annos
388 1167 464 1227 duos
479 1175 509 1228 et
527 1165 634 1244 viginti
655 1163 801 1224 duntaxat
815 1165 921 1226 asserit
941 1187 958 1224 a
972 1167 1076 1227 mundi
1089 1168 1180 1234 5446.

92 1254 133 1314 ad
146 1257 239 1320 5468.
255 1251 463 1312 decurrendos.
505 1251 598 1310 Fovet
607 1251 697 1328 Regio
715 1251 888 1312 Perceianue
905 1251 1022 1329 Codex,
1046 1251 1099 1332 qui
1110 1252 1182 1312 licet

92 1339 199 1398 nitidis
215 1346 244 1396 et
255 1337 355 1398 rubris
371 1335 591 1396 characteribus
605 1335 775 1416 Cleopatrae
792 1357 885 1398 annos
900 1338 951 1404 25.
967 1347 1082 1397 astruat
1092 1355 1182 1416 prae-

93 1423 173 1484 senti
186 1423 271 1498 loco,
294 1421 450 1480 confestim
461 1429 559 1480 tamen
575 1419 612 1500 de
622 1419 685 1478 eius
697 1429 793 1480 morte
807 1423 923 1482 ratione
938 1421 1077 1488 instituta
1092 1421 1182 1504 (quae

90 1509 127 1568 in
149 1506 240 1585 Regio
266 1507 405 1566 lacunosa
429 1504 492 1586 est)
514 1503 643 1576 subdit:¹
657 1498 760 1566 όστιίόι
786 1499 862 1568 καθ’
882 1507 991 1587 ἑαυτῆς
1010 1506 1182 1591 χρησαμένη

93 1587 157 1656 obed
169 1583 361 1673 Ἀλεξάνδρου
378 1589 427 1670 lta
440 1582 515 1670 pbp'.
538 1589 636 1672 (quem
651 1607 782 1650 errorem
798 1609 835 1648 ex
848 1591 1041 1671 oppignorata
1053 1593 1112 1654 fide
1125 1613 1183 1652 ex·-

90 1669 391 1760 pressi,cumoba1'.
418 1674 547 1734 scribere
572 1671 740 1754 debuisset)
769 1683 839 1752 post
861 1675 1024 1736 Alexandri
1048 1677 1140 1754 igitur
1163 1701 1183 1738 a

89 1759 204 1822 muridi
224 1759 346 1819 conditu
366 1763 457 1826 5170.
474 1761 569 1818 fatum
592 1767 623 1818 et
647 1778 740 1818 annos
755 1763 826 1826 298.
848 1759 874 1820 si
898 1760 1014 1840 aspide,
1038 1781 1091 1820 ceu
1108 1759 1184 1821 lethi

90 1846 159 1905 telo
169 1887 178 1920 ,
199 1845 355 1924 Cleopatra
369 1853 474 1924 pectus
496 1843 641 1919 confixit,
664 1863 681 1902 a
701 1843 807 1902 mundi
822 1843 915 1910 5445.
933 1865 992 1924 quo
1010 1847 1132 1905 fratrem
1148 1845 1182 1904 in

92 1949 189 2008 regno
203 1931 336 2010 excepit,
358 1929 444 1988 annis
457 1937 574 1988 tantum
591 1933 642 1996 22.
657 1928 782 2007 sceptris
792 1929 889 2010 potita
900 1930 1007 1990 mundi
1022 1931 1114 1998 6468.
1129 1930 1186 1988 in·-

95 2023 186 2075 eunte
203 2015 296 2074 vitam
313 2015 449 2094 reliquit:
470 2013 605 2091 illudque
620 2011 699 2070 idem
713 2013 851 2092 estquod
866 2035 904 2074 ex
921 2017 1078 2092 Africano,
1099 2015 1186 2076 cuius

98 2099 179 2160 dicta
191 2119 254 2160 nou
266 2099 395 2176 refellit,
415 2099 475 2158 imo
491 2097 591 2158 verbis
608 2097 755 2176 expressis
768 2099 860 2158 refert
874 2100 1018 2178 Georgius
1031 2119 1096 2180 pag.
1112 2103 1185 2166 308.
1199 2105 1232 2160 P.
1246 2103 1283 2160 78

100 2184 141 2256 C.¹
155 2181 237 2266 μέχρι
253 2186 342 2248 τοῦδε
365 2183 397 2246 oi
412 2185 560 2266 Λαγῖόαι,
579 2180 632 2244 καὶ
653 2177 773 2262 σόμπας
791 2187 847 2264 τῆς
863 2187 1079 2266 Μακεδονικῆς
1096 2180 1188 2266 siagrio

100 2261 243 2350 σύλλογος
258 2265 331 2350 perri
346 2267 394 2348 ἔτη
409 2261 577 2349 τριακόσια,
598 2267 685 2328 δυοῖν
701 2265 823 2330 δέονται
843 2268 876 2328 id
898 2279 942 2328 ast
962 2275 1033 2338 298.
1054 2270 1103 2351 ἔτη
1119 2264 1190 2332 σόα.

98 2375 187 2437 εγγυς
206 2350 357 2434 τριακόσια
374 2361 501 2412 testatur
521 2349 634 2430 pariter
654 2350 794 2409 Latinum
810 2351 981 2412 Chronicon
993 2356 1098 2434 pagina
1113 2359 1187 2422 310.

99 2441 132 2497 C.
154 2439 286 2499 citatum.
327 2437 413 2498 Illius
427 2456 518 2524 porro
529 2435 562 2492 in
574 2431 703 2512 seipsum
716 2434 836 2512 Georgii
851 2433 1055 2516 ἐναντιότητος
1071 2461 1189 2500 causam

96 2529 286 2605 perscrutato
305 2531 422 2600 praeter
443 2519 515 2578 alibi
535 2517 698 2598 expositam
716 2517 774 2576 alia
796 2539 858 2578 non
874 2521 1021 2597 occurrit,
1042 2523 1101 2582 nisi
1114 2544 1190 2601 quae

96 2613 170 2690 post
185 2613 370 2683 excerptum,
393 2613 422 2662 et
440 2623 477 2662 ex
491 2601 582 2664 variis
599 2599 776 2662 authoribus
797 2602 830 2662 in
852 2603 1001 2684 appositas
1017 2615 1116 2684 partes
1135 2608 1190 2664 ab·

98 2690 240 2753 euntibus
256 2689 400 2766 digestum
415 2707 506 2768 opus,
529 2687 655 2765 Georgia
671 2697 766 2748 morte
782 2698 961 2767 praevento,
983 2691 1020 2750 ad
1036 2690 1125 2748 unius
1148 2690 1193 2748 si-

98 2777 194 2837 bimet
207 2773 345 2850 consoni,
368 2782 397 2832 et
410 2775 447 2832 od
462 2781 561 2853 partes
575 2791 675 2832 omnes
693 2773 851 2834 concordis
866 2775 1002 2854 computi
1019 2773 1097 2833 illud
1113 2773 1194 2836 idem

100 2859 239 2938 castigari
254 2868 284 2920 et
296 2858 405 2918 instrui
417 2857 586 2938 nequivisse
600 2857 740 2936 suggerit.

183 2941 348 3025 Ὀλαμσιός
371 2937 467 3026 papi]
496 2943 562 3002 Hoc
582 2952 629 3002 est
650 2943 721 3002 lulii
742 2943 876 3004 Caesaris
900 2961 997 3004 mnus
1019 2943 1137 3024 primus
1162 2953 1194 3006 et

100 3031 199 3094 iniens
215 3051 232 3087 a
249 3029 353 3088 mundi
369 3030 495 3088 conditu
508 3026 600 3094 5454.
619 3027 805 3108 Olympiadis
818 3032 889 3094 183.
904 3049 982 3086 anno
1000 3031 1108 3108 primo,
1123 3039 1193 3110 post

100 3116 229 3199 primam
252 3134 331 3174 anno
351 3114 444 3182 4726.
465 3113 635 3174 institutam
657 3113 860 3192 consignatur.
904 3113 1117 3194 Olympiadem
1138 3115 1193 3174 de-

102 3201 284 3280 signationes
297 3219 335 3258 ex
344 3199 484 3258 Africano
502 3198 663 3276 Georgium
677 3217 829 3260 recensere
842 3207 966 3258 monent
980 3219 1054 3279 quae
1068 3199 1194 3262 exAlri-
1243 3259 1248 3262 .

102 3287 171 3347 cani
187 3283 307 3364 scriptis
323 3283 446 3342 subiicit
462 3303 527 3364 pag.
542 3285 616 3348 307.
634 3293 664 3342 ct
677 3303 757 3363 seqq.

185 3362 494 3450 ἈκόκατόῬοόμην.]
515 3368 727 3445 Barberinum,
750 3377 781 3429 et
795 3368 892 3430 Perea.
912 3367 1112 3430 correctiora:
1134 3362 1194 3433 ἆπό

101 3449 354 3536 κτίσεωςῬσόμηιό
363 3495 521 3515 ······
543 3452 664 3512 Lacuna
675 3449 725 3530 τό,
745 3446 790 3534 ψ’.
803 3453 958 3514 desiderat.
977 3453 1072 3516 Rome
1084 3455 1194 3516 etenim

103 3562 182 3602 asmo
196 3539 289 3607 4754.
306 3539 429 3598 condita
445 3537 504 3600 suit
518 3557 556 3596 ex
567 3557 636 3619 pag.
651 3537 721 3606 195.
1264 3593 1269 3614 ,

190 3619 283 3698 Γάϊος
302 3617 430 3697 Ἰούλιος
441 3627 559 3704 Καῖσαρ
578 3622 627 3703 teo
647 3615 678 3685 e'.
691 3617 889 3704 μοναρχήσας.
929 3621 1086 3684 Octaviani
1100 3621 1194 3700 igitur

104 3709 239 3790 auspicia
254 3729 332 3770 anno
346 3709 439 3775 5459.
462 3717 689 3768 consecrantum
712 3707 812 3768 eadem
825 3719 894 3788 post
908 3719 1010 3768 notam
1027 3708 1162 3767 alteram.

190 3795 257 3874 Peg.
278 3796 351 3860 305.
375 3791 619 3898 Mesopotamia]
647 3793 714 3852 Una
734 3801 835 3853 textus
855 3793 928 3852 serie
948 3791 1034 3851 Barb.
1049 3799 1079 3849 et
1096 3792 1197 3855 Perea.

104 3884 225 3960 legunt,
245 3877 451 3961 χρονογραφόα
462 3873 521 3940 end
534 3879 656 3950 κτίσεως
667 3873 779 3959 κόσμον
792 3873 890 3964 ,tumst
922 3875 1089 3937 Praemittit
1107 3875 1195 3938 Barb.

105 3966 191 4038 ἔτους
204 3957 302 4049 ,avogi
339 3965 413 4024 Cum
429 3962 521 4043 Regio
533 3961 640 4022 titulos
652 3962 751 4024 divisi.
783 3962 899 4024 Primus
909 3961 1087 4022 luthoresa
1105 3979 1197 4042 prae-

106 4049 280 4112 cedentibus
298 4047 432 4109 divarsoa
451 4069 470 4109 a
491 4047 618 4128 Georgio
637 4047 778 4123 tractari,
798 4065 965 4126 novamque
986 4045 1121 4126 imperii,
1143 4044 1199 4104 sub

106 4155 166 4213 quo
182 4133 306 4212 degebat
319 4131 454 4209 Author,
476 4133 605 4212 speeiem
619 4131 834 4213 repraesentari
849 4131 987 4210 suggerit.
1021 4129 1107 4190 Alter
1120 4148 1200 4190 nova

107 4219 222 4300 pariter
233 4217 349 4278 ratione
368 4215 545 4276 chronicam
560 4215 732 4278 methodum
746 4215 782 4276 ob
798 4215 901 4276 eodem
915 4213 1044 4276 institui.
1086 4215 1200 4294 Regum

109 4305 220 4365 etenim
246 4313 277 4364 et
296 4301 470 4383 Principum
493 4302 680 4382 singulorum
698 4299 863 4382 primordia
887 4311 916 4362 et
938 4309 1047 4363 aetates
1070 4301 1110 4366 ed
1132 4321 1200 4364 oer-
