2960 4716
336 95 343 130 l

285 335 337 416 72
769 337 908 408 coam

285 507 368 566 nent.
402 499 436 563 D.
456 491 621 560 Cardinalis
636 493 837 570 Bathea-inus,
860 505 947 556 etex
965 493 1170 556 voluminibus
1189 493 1312 564 erasm
1332 514 1393 554 cs-

285 587 363 646 lamo
382 581 508 644 exaratis
531 581 613 641 illius
635 580 798 643 beneficam
821 580 945 660 largitus
967 590 1011 642 est
1026 589 1221 662 potestatem,
1246 579 1299 659 qni
1319 579 1391 641 MS.

284 667 422 734 Vaticani
440 685 555 728 numer.
578 665 648 736 164.
668 683 734 746 pag.
757 671 808 733 77.
833 665 980 744 exquisita
1004 665 1083 726 foret
1103 664 1269 746 expressio:¹
1291 663 1390 724 iuve-

283 763 357 816 runt
373 753 538 812 communis
556 752 746 811 emolumenti
762 759 916 810 curatores
933 750 1095 810 Clarissimi
1119 749 1242 810 Puteani
1263 749 1389 824 frames,

283 839 311 899 ei
324 837 487 898 liberaliter
500 836 609 896 donato
623 835 737 911 codice,
761 835 813 914 qui
829 836 901 894 olim
915 834 1112 894 Bibliothecae
1129 835 1161 896 l).
1180 835 1270 894 Perea
1283 835 1389 893 luerat

283 922 528 1004 suppellex,elios
539 921 714 981 consulendi
729 919 909 980 desiderium
923 939 1068 981 amovere.
1094 919 1165 978 Fert
1178 918 1258 978 enim
1268 917 1387 997 epigra-

281 1007 343 1090 phe
353 1029 391 1068 ex
409 1006 618 1067 studiosissimi
631 1006 666 1068 D.
680 1007 770 1066 Perea
782 1025 918 1086 persona.
949 1007 1114 1085 Georgium
1122 1003 1295 1082 Spncelium
1302 1023 1387 1062 cona

277 1095 395 1175 parari
409 1091 454 1150 ad
461 1089 599 1154 (iudicem
610 1091 803 1166 Palatinum,
814 1093 869 1170 qui
881 1088 970 1150 hodie
980 1092 1012 1150 in
1021 1089 1214 1149 Bibliotheca
1225 1089 1387 1150 Vaticana

199 1213 204 1222 ·
285 1189 476 1252 asservetur,
498 1177 556 1236 eut
572 1197 652 1236 num.
669 1177 740 1243 246.
757 1177 874 1236 Romae
893 1195 973 1238 aum
992 1179 1083 1242 1687.
1128 1175 1175 1233 Ex
1191 1173 1250 1232 hoc
1272 1174 1386 1234 lacuna

283 1263 425 1324 soliorum
439 1263 532 1324 trium
546 1261 631 1322 hians
647 1261 763 1342 spatio,
785 1261 966 1338 aSoaligero
978 1279 1047 1330 ¹non
1066 1259 1130 1319 sine
1145 1258 1278 1338 querulis
1289 1258 1385 1318 roci-

284 1347 342 1408 bue
364 1348 442 1424 visa,
466 1347 588 1407 omnino
610 1355 764 1430 reparata,
786 1355 816 1405 st
833 1345 916 1424 Regii
936 1344 1044 1405 mutila
1060 1363 1129 1425 pars
1147 1363 1202 1421 per
1218 1363 1284 1403 eum
1298 1343 1385 1401 inte-

283 1431 384 1511 gritati
406 1453 474 1492 suae
492 1433 638 1492 restituta.
680 1431 798 1491 Fratres
818 1429 900 1506 illos,
928 1430 1081 1491 Musarum
1102 1429 1240 1504 delicias,
1263 1427 1385 1488 caelum

285 1517 413 1580 feliciter
428 1527 641 1598 prosequatur:
663 1525 797 1596 atquem
818 1515 935 1595 rapuit,
956 1513 1036 1574 inter
1052 1513 1153 1573 beatos
1168 1521 1268 1572 teneat
1285 1535 1385 1590 pone-

285 1596 445 1684 ριώτατον,
471 1621 531 1682 quo
552 1600 697 1676 fruimur,
719 1601 798 1660 inter
813 1601 899 1661 vivos
921 1607 1018 1660 seruet
1045 1591 1217 1678 μακρόβιον.
1261 1597 1384 1672 Quarta

285 1696 315 1745 et
333 1695 483 1768 postrema
503 1685 662 1746 collatione
677 1685 858 1764 Synoelliani
875 1683 968 1744 totius
985 1684 1083 1764 operis
1102 1681 1190 1745 fidem
1209 1681 1384 1762 expendere

283 1779 314 1834 ci
328 1771 502 1830 confirmare
518 1771 614 1830 fueret
627 1771 659 1830 in
679 1771 768 1848 votis,
783 1769 834 1829 sed
849 1770 899 1849 qui
917 1769 1174 1848 exsequendorum
1188 1785 1270 1847 spem
1282 1765 1385 1826 dede-

282 1865 348 1931 rat,
378 1856 504 1936 eripuit,
533 1865 562 1914 et
592 1855 673 1933 quod
685 1855 861 1935 promittere
878 1851 959 1913 visua
980 1854 1077 1914 luerat
1099 1853 1228 1926 bonum,
1255 1851 1383 1912 invidit.

283 1939 458 2001 Versienem
483 1940 616 2020 Synoelli
639 1939 765 2019 aggressi
788 1941 868 2000 fuere
886 1938 1023 2020 plerique
1044 1937 1139 2009 Galli,
1170 1935 1238 1996 ltali
1266 1946 1314 2012 et,
1343 1947 1385 1996 ut

282 2025 389 2100 audio,
415 2025 570 2086 Germani:
598 2023 677 2084 hanc
698 2045 736 2086 ex
758 2043 862 2084 eorum
881 2023 982 2100 iussu,
1006 2023 1115 2102 quibus
1137 2040 1307 2102 repugnare
1321 2041 1384 2082 nc-

282 2111 345 2188 sas,
366 2119 553 2191 susceptam,
575 2129 636 2169 non
651 2109 728 2186 alic,
751 2129 840 2188 quesn
852 2109 1030 2168 sinceritatis
1043 2117 1074 2168 et
1088 2127 1220 2166 summae
1240 2125 1308 2166 cum
1324 2127 1383 2166 nu-

282 2203 365 2254 ctore
383 2195 497 2253 Gracco
512 2195 690 2254 concordias
704 2193 825 2256 nomine
838 2192 1070 2254 commendatam
1085 2192 1187 2252 velim.
1231 2191 1382 2252 limanda.

283 2279 379 2338 tiones
412 2287 511 2338 tamen
538 2278 577 2338 ad
596 2279 757 2358 marginem
785 2278 915 2339 adiectas
936 2287 1078 2358 sequuta,
1100 2285 1256 2338 auctorem
1276 2279 1383 2357 ipsum
1446 2279 1448 2284 ’

281 2372 312 2421 et
336 2363 400 2422 eius
423 2371 551 2424 mentem
570 2364 672 2444 potius
700 2364 830 2443 assequi,
851 2383 939 2442 quam
963 2363 1149 2426 amanuensis
1170 2362 1272 2442 lapsus
1299 2361 1384 2420 imi-

278 2447 337 2512 tari
359 2447 548 2508 iudicabitur.
591 2448 776 2528 Scriptorum
798 2469 816 2508 a
838 2448 977 2529 syncello
1000 2457 1231 2507 memoratorum
1252 2447 1321 2506 loca
1338 2447 1385 2508 ad

278 2531 442 2612 marginem
464 2541 603 2610 annotat,
631 2552 707 2612 quae
729 2541 848 2614 praeter
869 2533 1000 2593 auctoris
1026 2531 1116 2596 verba
1142 2531 1296 2610 adiungit,
1320 2551 1384 2593 ceu

281 2615 398 2696 aliena,
444 2617 568 2684 diversis
603 2615 822 2678 characteribus
854 2617 1014 2700 appingit:
1060 2635 1135 2698 quae
1167 2616 1272 2676 iisdem
1306 2637 1383 2678 cum

277 2701 344 2782 ipso
365 2711 451 2764 textu
473 2722 623 2784 expressa,
645 2701 762 2763 librarii
783 2702 833 2764 vel
851 2701 963 2764 eruditi
977 2701 1159 2784 cuiuspiam,
1180 2703 1229 2762 vel
1243 2701 1383 2780 denique

278 2787 409 2852 auctoris
433 2787 673 2850 observationum
695 2789 958 2868 interpretamenta
978 2795 1058 2848 aunt.
1107 2786 1241 2849 Africani
1270 2787 1380 2864 vmbri,

277 2871 330 2930 ubi
350 2891 514 2950 apparuere
536 2873 690 2932 manifesta
712 2873 825 2933 Italicis
847 2871 971 2946 litteris,
993 2869 1114 2932 Eusebii
1130 2869 1254 2948 virgulis
1273 2891 1381 2951 appo-

278 2953 344 3012 sitis
364 2955 561 3014 intertextus
580 2957 686 3016 seriem
707 2957 833 3016 reddita.
874 2955 1048 3017 Veraionsm
1070 2967 1234 3036 sequentur
1253 2955 1380 3018 tabulae

279 3037 512 3116 chronologicae
528 3039 566 3098 ad
582 3041 714 3119 syncelli
731 3050 859 3106 mentem
875 3049 906 3102 et
920 3051 1095 3120 computum
1110 3041 1248 3118 digestae.
1290 3041 1378 3118 lllas,

279 3123 360 3202 quod
374 3122 510 3204 prolixae
522 3133 554 3185 et
566 3125 697 3206 porrecti
709 3133 823 3186 tractus
836 3126 965 3186 taedium
977 3125 1110 3185 senessia
1126 3125 1158 3185 in
1173 3125 1296 3186 lectoris
1309 3128 1380 3185 ani.

162 3277 166 3286 ,
278 3227 362 3275 mum
378 3209 439 3271 sint
451 3207 605 3286 illaturos,
628 3219 657 3271 et
675 3209 871 3290 amplitudine
887 3231 940 3270 sua
960 3211 1215 3292 praetermodum
1230 3211 1380 3270 volumen

278 3289 436 3370 auxerint,
467 3293 539 3353 licet
560 3313 752 3375 praenoscant
778 3293 1050 3376 reprehendendus
1080 3304 1180 3356 tamen
1202 3296 1271 3375 quia
1295 3293 1379 3358 sossi

276 3371 389 3452 πλάτος
412 3377 587 3459 expandunt
616 3379 653 3442 ad
673 3381 803 3440 auctoris
830 3381 1040 3462 propositum,
1068 3399 1144 3459 quae
1172 3389 1279 3442 auctor
1306 3381 1378 3460 ipse

249 3517 258 3538 ,
276 3455 347 3524 καθ’
358 3459 474 3542 cipridem
489 3473 606 3524 uatum
620 3463 678 3526 sibi
690 3465 849 3546 proposuit
863 3465 1107 3547 expendendum
1129 3475 1159 3525 et
1179 3485 1254 3544 quoa
1269 3463 1376 3524 admi·-

275 3545 316 3608 sit
330 3547 486 3626 librarius,
507 3551 571 3626 vol,
593 3569 682 3630 opere
703 3549 973 3626 nendumlreviso,
999 3548 1141 3628 Georgius
1161 3569 1224 3610 non
1239 3549 1377 3610 advertit

274 3649 468 3692 numerorum
488 3651 621 3710 errores,
648 3634 731 3713 ipsas
751 3634 869 3714 longius
892 3635 1033 3696 deductae
1050 3629 1256 3712 manifestent,
1277 3643 1308 3695 et
1334 3635 1376 3694 ad

274 3717 354 3776 latus
370 3715 573 3780 emendatione
586 3721 723 3800 apposita
731 3764 740 3795 ,
762 3720 845 3799 quod
859 3719 1063 3780 criminationi
1077 3719 1242 3780 obnoxium
1256 3739 1375 3800 oppor-

274 3809 348 3860 tune
363 3811 512 3882 reparant,
532 3823 594 3864 non
607 3803 720 3867 nemini
734 3804 788 3884 qui
802 3803 921 3884 Georgii
931 3823 1070 3865 numeres
1085 3815 1225 3886 acceptos
1239 3805 1322 3865 volet
1337 3827 1376 3864 ec

273 3887 415 3965 probatos
432 3887 557 3968 gratim
577 3889 728 3965 tacturus,
749 3887 934 3965 istiusmodi,
956 3891 1094 3968 iuquam,
1115 3890 1327 3952 accommodas
1343 3897 1376 3948 et

274 3973 437 4051 expetitas,
469 3973 521 4032 alii
543 3973 616 4034 licet
635 3973 875 4054 intempestivos,
901 3972 976 4034 mihi
997 3975 1167 4039 nullatenus
1188 3973 1376 4034 omittendas

274 4053 358 4118 duxi.
401 4055 540 4118 Adiectne
561 4057 679 4122 demum
702 4057 741 4118 ad
762 4059 860 4139 operis
875 4059 968 4120 tetius
984 4060 1115 4134 calcans,
1138 4079 1212 4137 ques
1231 4079 1297 4120 non
1311 4059 1374 4118 ad·

272 4139 408 4202 mittebat
423 4153 525 4202 textus
546 4163 647 4222 margo
671 4143 855 4204 contractior
876 4143 1112 4221 emendationes,
1135 4145 1219 4202 etin
1249 4151 1374 4204 textum

271 4223 368 4300 ipsum
389 4227 595 4290 annotationes
609 4227 803 4305 quibusdam,
828 4229 938 4303 fateor,
961 4229 1144 4308 superfluam
1170 4227 1252 4304 aliis,
1274 4237 1312 4288 ut
1325 4249 1375 4289 ar-

270 4305 382 4382 bitror,
413 4329 475 4367 non
503 4311 625 4370 inutiles
650 4311 781 4372 suturae:
812 4313 941 4394 pretium
971 4333 1081 4393 aequus
1111 4315 1207 4374 lector
1236 4311 1373 4374 deliniet.
