2944 4716
414 375 474 444 ΕΤ
494 373 848 451 ANNOTATIONES.
1099 365 1179 444 63ss

86 497 179 602 6472.
193 555 209 594 a
223 553 284 615 quo
298 532 336 594 sd
351 531 445 600 6614
465 551 526 613 quo
544 533 701 594 defunctus
715 543 775 612 est,
798 532 849 596 elii
861 530 1080 616 soporentur.
1121 533 1178 596 llis

86 619 242 700 aGeorgio
262 619 381 700 scriptis
396 619 433 677 de
445 618 572 696 Augusti
587 617 621 676 in
636 617 802 678 Antonium
815 619 946 680 victoria
967 617 1102 680 Africani
1116 639 1179 680 nu-

84 725 183 766 meros
200 705 307 785 probet
320 721 440 764 necesse
452 711 510 762 ests
530 701 613 762 bunc
630 702 772 764 nimirum
788 724 869 762 anno
884 703 976 776 6472.
997 714 1179 786 superatum,

85 799 156 850 ente
169 790 281 850 Christi
294 789 423 850 notulam
435 787 521 846 annis
539 791 588 854 28.
603 787 698 866 ipsius
712 787 840 866 Augusti
854 807 932 848 snnc
947 789 996 856 14.
1012 789 1041 850 si
1053 811 1071 850 e
1085 790 1179 858 6469.

59 891 63 900 ·
83 875 244 955 imperium
269 873 445 950 emetiatur,
468 873 518 934 vel
532 871 648 932 decimo
669 871 794 951 quinto,
818 871 845 931 si
858 893 875 932 ι
888 871 981 938 6468.
993 893 1117 952 regnsse
1130 896 1179 936 cs-

84 962 165 1040 pisse
182 969 307 1036 stetust,
329 978 366 1018 ac
387 955 508 1017 tandem
531 966 599 1016 ante
617 958 714 1037 ipsius
733 957 862 1036 Augusti
882 965 1009 1016 mortem
1025 979 1103 1019 enno
1124 962 1176 1028 43.
1189 965 1220 1020 P.
1238 964 1274 1020 80

83 1045 155 1122 llis,
176 1045 317 1126 inqusm,
336 1041 380 1102 its
393 1041 518 1124 positis,
539 1063 599 1121 qua
610 1041 729 1104 ratione
744 1063 762 1101 s
776 1041 881 1102 mortis
894 1040 1058 1102 Alexandri
1070 1044 1180 1124 Tbotb,

84 1151 179 1192 annos
199 1127 387 1192 solummodo
405 1127 596 1209 τριακοσίους
613 1129 700 1192 dcciv
720 1126 858 1203 δέοντας,
879 1135 973 1207 prout
992 1125 1082 1188 brbet
1095 1130 1179 1188 Afri-

84 1237 179 1276 canus
195 1235 261 1296 pop.
276 1217 348 1280 808.
365 1211 398 1278 G.
412 1212 463 1274 vel
480 1213 562 1292 quod
573 1213 607 1272 iu
617 1214 695 1274 idem
706 1213 816 1274 recidit
828 1208 984 1286 iussororic
998 1203 1071 1294 obri.
1085 1223 1180 1294 prout

82 1321 151 1382 pag.
170 1303 243 1368 803.
256 1301 289 1359 B.
307 1297 380 1358 licet
399 1317 438 1358 ex
453 1297 580 1358 consilio
600 1308 631 1358 et
649 1299 688 1360 ad
708 1299 770 1362 MS.
789 1293 863 1381 obn‘.
886 1297 1100 1379 expresserim
1119 1319 1179 1378 qus

82 1387 201 1447 ratione
223 1387 333 1446 iterum
348 1383 385 1442 sb
405 1382 569 1444 Alexandri
586 1394 684 1445 morte
698 1385 737 1444 sd
755 1385 927 1464 Cleopatrae
946 1383 1108 1444 terminum
1128 1384 1179 1466 inp

81 1464 242 1553 τριακόσια
256 1467 425 1530 numeravit
437 1487 504 1548 pag.
520 1471 593 1534 261.
608 1467 643 1528 A
660 1477 690 1528 et
705 1468 758 1530 hic
772 1470 891 1528 tandem
909 1468 946 1528 ab
959 1469 1073 1550 epoche
1087 1489 1181 1532 unno-

80 1577 153 1618 rum
164 1557 257 1624 6170-
269 1553 308 1614 ud
324 1553 418 1620 6472.
441 1551 618 1632 Lepidorum
637 1573 731 1614 ennos
746 1554 935 1634 spesesoolncc
950 1555 1036 1618 dosis
1050 1549 1181 1620 mirovei·

79 1645 190 1718 ζοντας
207 1657 360 1700 recensus
379 1658 443 1698 non
469 1646 624 1714 verentur3
656 1638 721 1718 ipae
750 1637 894 1716 Georgius
921 1635 983 1698 buc
1009 1640 1180 1718 arcessitus,

78 1745 164 1800 reor,
177 1743 238 1784 non
247 1722 429 1804 explanabit,
446 1721 554 1798 Cuius,
568 1722 612 1783 sit
622 1723 762 1786 Petreius
773 1721 910 1784 Auctarii
921 1721 973 1788 lib.
988 1725 1019 1790 8.
1033 1727 1180 1805 popm

80 1814 121 1868 irs
133 1809 193 1868 Ιιοο
209 1810 333 1888 infinita
339 1818 469 1888 peccato
483 1817 565 1870 sunt.

171 1906 297 1986 Μεταξιὲ
315 1913 372 1972 τοῦ
387 1904 483 1996 ,epsbst
498 1907 551 1972 sul
564 1912 622 1972 τοῦ
629 1904 735 1994 ,εφιι’.]
757 1910 824 1971 Hoc
837 1919 883 1970 est
896 1909 1024 1970 obeunte
1039 1908 1134 1975 6614.
1151 1918 1182 1968 st

80 1995 207 2055 ineunte
214 1995 307 2062 6516.
320 2015 381 2074 qno
394 1995 512 2075 imperii
521 1993 606 2052 annis
622 1996 674 2062 66.
689 1997 804 2056 uacus
819 2013 986 2078 supremam
995 2013 1074 2053 enno
1088 1993 1181 2060 5459.

82 2101 121 2139 sc
140 2099 203 2138 non
225 2080 319 2146 6458.
340 2079 445 2140 debuit
460 2079 606 2159 consequi
628 2090 822 2160 potestatem,
852 2089 906 2141 aut
925 2089 1006 2141 certe
1020 2080 1106 2139 annis
1126 2079 1177 2148 67.
1194 2089 1229 2144 v.
1241 2089 1276 2147 73

80 2164 263 2246 imperavit,
282 2163 365 2244 quod
377 2183 444 2245 pag.
460 2166 532 2232 305.
554 2164 589 2223 Β.
606 2163 727 2247 scriptis
743 2167 926 2228 adversatur.

171 2259 355 2350 Πανὸδιορος
374 2263 408 2330 di
427 2270 467 2353 τῇ
488 2265 710 2352 μαθηματικῇ]
741 2269 784 2328 Ut
805 2267 926 2348 Georgii
946 2267 1115 2342 dissonus,
1137 2265 1182 2328 ita

81 2351 209 2414 rationis
224 2351 331 2412 sinsin
344 2351 534 2413 Pnnodorum
548 2349 732 2426 instructae,
755 2352 851 2412 robur
863 2353 916 2412 hic
934 2373 1040 2427 omne,
1061 2362 1091 2412 et
1105 2371 1182 2412 con·

81 2435 230 2498 clusionis
251 2437 336 2495 ecies.
366 2441 395 2501 1.
425 2434 599 2496 Penodcrus
624 2433 852 2514 Mathematico,
880 2455 943 2496 non
969 2435 1181 2498 Ecclesiastico

80 2541 158 2583 usus
178 2529 224 2579 est
242 2519 378 2595 Conone,
411 2513 450 2582 oei
474 2521 574 2592 καλαῖς
597 2515 853 2602 διανοησόμενοςα
883 2519 920 2580 de
935 2537 1003 2598 'quo
1027 2539 1127 2600 supra.
1148 2527 1180 2586 2.

79 2608 128 2666 Ut
141 2602 315 2665 Panodorus
331 2603 490 2662 exordium
504 2603 632 2680 Augusti
649 2604 735 2663 snnis
756 2615 847 2683 octo,
867 2603 910 2663 ita
927 2603 1016 2663 finem
1028 2604 1095 2685 pari
1110 2625 1182 2685 spa-

78 2692 129 2754 tio
145 2689 314 2764 antevertit,
336 2681 375 2750 ου’
387 2691 487 2764 καλοῖς
500 2683 755 2770 διανοησᾶμενοςι
775 2689 934 2770 imperium
952 2687 1031 2748 enim
1046 2689 1110 2748 eius
1125 2709 1182 2747 an-

78 2775 133 2838 nis
154 2781 223 2834 octo
245 2771 476 2853 retardandum,
498 2783 528 2836 et
547 2791 629 2835 mors
651 2774 778 2834 totidem
796 2774 830 2835 in
853 2775 939 2834 annis
959 2773 1067 2834 mundi
1081 2792 1183 2835 remo-

81 2859 193 2924 venda.

175 2947 242 3008 Tuis
258 2945 374 3006 insudo
385 2935 568 3008 Ἀποοτίιὶων
578 2931 724 3026 ’ἡγεῖσθαι
734 2940 935 3026 προσέταξεν]
956 2943 1085 3005 Ubinam
1099 2942 1184 3006 Scri-

81 3028 268 3116 pturrrunr'i
304 3027 439 3089 Observa
457 3029 572 3090 Turasii
590 3037 726 3110 tempore
750 3029 940 3089 Aristarchus
958 3029 1184 3092 Ecclesiasticus

84 3139 103 3177 a
124 3113 232 3198 primis
245 3113 438 3174 iconoclastis
458 3135 563 3198 sparse
580 3113 709 3176 Graecos
726 3113 786 3174 iem
806 3113 869 3176 suis
885 3115 991 3176 snimis
1007 3115 1184 3178 innutriisse

83 3219 209 3264 uma·

170 3301 241 3381 Peg.
261 3303 334 3368 328.
360 3304 409 3388 Τῷ
429 3295 511 3389 αὐτῷ
530 3299 588 3366 ἔτει
600 3294 766 3384 Ἰἇιιωβος.]
788 3301 1092 3384 Hierosolymitarum
1106 3303 1184 3387 Epi-

84 3407 248 3470 scoporum
266 3385 380 3467 epocbu
397 3385 436 3446 ad
450 3408 561 3448 annum
582 3387 705 3447 Domini
718 3387 771 3454 34.
796 3387 976 3453 devincitur.
1020 3391 1063 3452 Da
1082 3389 1185 3453 lucobi

85 3475 120 3536 in
137 3471 321 3556 Episcopatu
333 3469 417 3532 annis
431 3481 502 3554 post
512 3473 621 3533 lineam
637 3471 770 3536 alteram.

171 3575 240 3656 Peg.
261 3576 334 3642 829.
354 3565 448 3650 Γάϊος
463 3569 569 3640 iureis
582 3567 743 3659 domoon]
764 3575 845 3640 llaec
859 3587 890 3642 et
904 3597 1030 3662 sequens
1042 3576 1185 3660 perioche

85 3681 144 3724 suo
155 3660 224 3722 loco
239 3669 332 3725 mota.
653 3729 656 3738 ,

172 3763 240 3840 Peg.
260 3764 334 3828 880.
354 3753 492 3844 limpor
512 3757 534 3824 d
552 3753 742 3840 ἄδιλφόθιος
766 3761 816 3845 inp
829 3758 892 3844 ἠ’.]
919 3763 1104 3843 iteponersm
1125 3758 1185 3844 κη’.

86 3851 139 3916 28.
161 3846 289 3907 luserim
303 3845 415 3926 quippe
435 3865 505 3906 cum
519 3845 582 3906 eius
595 3867 689 3908 annos
710 3848 750 3908 sd
770 3854 824 3915 26.
844 3847 1023 3928 processisse
1041 3856 1186 3908 memoret

86 3931 294 4013 Nicephorus,
320 3929 493 3992 bisantem
517 3939 586 3991 octo
602 3942 780 3994 memoratos
797 3933 908 4012 legam,
930 3941 999 3993 octo
1021 3952 1113 4014 supra
1137 3932 1185 3992 vi-

87 4017 163 4096 ginti
188 4016 316 4097 scriptos
344 4017 536 4092 coniicerem3
568 4015 628 4076 nisi
653 4017 848 4078 Pontificatus
874 4035 968 4077 οοιιοι
990 4020 1043 4084 80.
1066 4017 1185 4078 disertis

86 4101 186 4162 verbis
208 4121 247 4162 ex
269 4100 398 4160 Eusebio
416 4121 486 4182 pag.
505 4101 578 4168 886.
599 4101 631 4162 B.
653 4101 779 4163 Autbor'
793 4101 969 4162 ascriberet:
989 4121 1059 4162 nem
1073 4101 1184 4182 etipse

87 4184 327 4248 Resurrecticuis
342 4205 420 4246 anno
434 4205 500 4268 psg.
513 4189 586 4254 328.
599 4186 633 4244 B.
645 4185 790 4264 dignitate
805 4195 962 4262 ornatum,
984 4205 1184 4248 successorem

87 4291 159 4332 vero
177 4291 239 4332 non
253 4269 314 4330 nisi
329 4271 409 4330 circo
423 4270 549 4332 Neronis
565 4281 700 4352 tempora
712 4279 864 4354 postremo
884 4271 1080 4352 recensitum,
1101 4273 1184 4356 apud

88 4356 255 4420 Autbcrem
276 4373 345 4438 pag.
366 4357 441 4424 886.
464 4354 629 4440 conspicio.
