2944 4716
459 379 519 451 ET
539 379 892 452 ANNOTATIONES.
1114 371 1191 446 687

99 539 368 606 rmn'exorieiitem
380 547 529 600 removet:
552 538 606 618 qui
621 539 715 616 igitur
723 539 873 602 Psnodori
886 517 1009 602 erlcnlis
1022 538 1062 602 sd
1075 539 1193 619 regulas

99 626 325 690 Astronomicas
352 644 441 704 quem
468 633 608 684 accurate
627 623 749 684 directis
770 645 854 684 aerse
882 627 1048 686 communis
1068 627 1119 694 42.
1138 637 1193 709 est,

99 713 183 774 idem
193 712 228 772 in
241 709 360 789 Georgii
370 708 478 770 tabulis
488 707 657 769 tricesimus
669 708 776 768 tertius
794 709 941 772 duntaxat
953 711 1149 774 ordinabitur.

188 797 402 880 Πρωτοντίπῳ
418 791 517 878 ἡμέρᾳ
536 789 616 872 ζωὴν
635 793 668 856 iss
685 797 802 874 erispoio
813 787 982 874 ἐπήγειρον]
1004 797 1047 856 Ut
1061 799 1192 861 mundus

97 879 203 943 mettii
222 881 331 942 mensis
349 879 397 938 dis
419 878 471 946 25.
494 877 649 955 conditus,
677 877 779 936 eodem
800 879 914 956 pariter
942 878 991 938 die
1007 881 1041 940 in
1060 881 1193 962 Virginis

98 975 189 1026 utero
208 965 366 1026 mortalem
385 962 477 1022 vitem
497 961 629 1022 Verbum
650 981 738 1022 earne
758 961 900 1021 indutum
918 964 1048 1044 aceepit,
1069 979 1194 1029 actan-
1262 992 1269 1008 ¹

99 1051 172 1112 dem
185 1071 265 1110 anno
283 1049 336 1116 34.
351 1057 524 1108 recmrente
536 1047 568 1106 in
586 1047 680 1115 vitem
692 1044 767 1105 lethi
781 1056 933 1126 expertem
946 1060 1097 1128 resumpto
1119 1075 1195 1114 cor..

98 1155 175 1217 pore
194 1134 331 1194 Christus
353 1131 442 1192 bomo
459 1131 588 1192 feliciter
608 1130 743 1192 transiit:
766 1151 839 1212 ques
853 1141 912 1192 tres
937 1153 1039 1193 mussa
1055 1133 1138 1195 affixi
1154 1139 1194 1198 ed

99 1221 203 1280 bles-tii
217 1219 296 1278 diem
310 1217 361 1284 25.
374 1216 445 1276 anni
461 1215 605 1302 principii
617 1218 654 1278 ab
668 1215 766 1298 operis
784 1215 875 1278 huius
893 1217 982 1279 initio
997 1219 1141 1299 Georgius
1160 1223 1194 1282 in

98 1305 233 1368 medium
251 1301 387 1362 adduxit.

178 1385 266 1461 Ἥτος
282 1383 331 1450 αόί
346 1389 385 1472 τῇ
398 1379 447 1449 sss'.
462 1389 519 1450 resi
532 1385 675 1469 Μαρτίου
691 1380 806 1467 poesin]
828 1386 863 1447 ln
885 1407 945 1468 quo
961 1388 1122 1468 Georgium
1139 1389 1194 1448 de·

95 1474 165 1557 cipi
187 1474 269 1532 ultre
292 1471 481 1551 cinoquead
501 1491 617 1531 menses
638 1473 785 1530 Romanos
808 1472 955 1550 elligends
971 1475 1063 1534 Nisen
1079 1475 1195 1535 Iudaici

97 1558 258 1621 neomenia
271 1555 462 1617 demonstrat
483 1558 528 1616 Ao
538 1557 567 1634 si
581 1555 682 1646 Martii
698 1555 750 1623 25.
764 1555 959 1616 devinciendis
974 1579 1090 1641 semper
1103 1560 1196 1620 Nisan

96 1642 257 1706 neomenia
264 1664 273 1718 ;
305 1663 375 1702 sene
400 1640 538 1702 christus
559 1641 661 1702 Martii
682 1645 734 1708 25.
754 1659 817 1700 non
841 1643 995 1702 exurrexit
1019 1665 1036 1702 a
1058 1647 1213 1722 mortuis,¹

98 1726 342 1809 quandoquidem
359 1726 450 1787 Nisen
461 1725 494 1786 id
514 1736 559 1787 est
574 1729 674 1786 Lunae
693 1735 846 1806 reparatae
860 1725 907 1784 die
921 1731 971 1793 17.
989 1727 1022 1786 in
1036 1729 1130 1787 vitam
1144 1749 1196 1788 rs-

98 1813 195 1872 diisso
208 1809 365 1871 indubium
381 1821 434 1872 est.
477 1811 567 1884 Quod
583 1811 675 1890 igitur
689 1811 790 1872 Martii
807 1811 887 1870 diem
899 1811 951 1876 25.
968 1812 1059 1871 Nisen
1072 1813 1196 1874 novilu-

97 1898 187 1956 nium
196 1897 307 1956 inortu
320 1917 375 1957 suo
391 1896 503 1958 viderit
515 1900 720 1974 coniunctum,
733 1897 813 1958 illud
827 1895 927 1956 eedem
941 1913 1058 1980 semper
1068 1898 1197 1958 statione

96 1981 198 2044 fixum
212 2000 368 2062 perperam
387 1981 554 2042 aestimavit
568 1983 735 2062 syncellus.

185 2067 346 2145 Peg-&6-
366 2060 433 2130 Ἐπί
455 2063 513 2148 yolo
535 2063 569 2131 ed
591 2061 626 2130 α’.
648 2065 735 2148 iren]
766 2065 851 2140 Quae
863 2075 1031 2144 sequuntur
1041 2065 1197 2146 insigniter

98 2153 263 2232 depravate
279 2160 363 2229 sunt,
383 2151 486 2212 scribit
500 2151 655 2227 Petedius,
676 2172 773 2232 neque
786 2151 830 2212 vis
843 2153 1115 2230 argumentationis,
1138 2172 1197 2232 que

97 2237 291 2299 Panodorum
305 2237 461 2316 syncellus
473 2247 627 2317 oppugnet
641 2235 897 2301 animadvertitur.
933 2237 1197 2300 Emendationibus

98 2323 140 2382 ed
153 2321 314 2401 marginem
329 2321 453 2382 adiectis
469 2323 543 2380 vitia
558 2329 661 2402 petere
674 2322 782 2381 fateor:
804 2321 948 2384 luthorio
964 2323 1198 2403 argumentatio-

98 2427 170 2474 nem
183 2405 249 2486 ipse
265 2407 405 2466 Petreius
418 2405 547 2486 plurime
563 2425 601 2464 ex
614 2413 701 2484 parte
716 2405 857 2484 explicet,
870 2425 948 2483 pars
963 2409 1057 2468 eltera
1071 2430 1109 2470 ex
1124 2409 1197 2469 sub-

96 2491 214 2552 iunctis
230 2499 304 2548 nota
321 2489 383 2548 liet.
424 2489 494 2549 Ideo
519 2499 632 2570 septem
654 2488 741 2548 snnis
763 2489 851 2570 (quse
871 2498 917 2548 est
937 2493 1198 2568 argumentationis

96 2593 218 2635 summa
234 2595 252 2632 e
267 2573 388 2632 Petavio
412 2571 559 2656 confecto)
580 2573 681 2632 minus
698 2583 819 2652 putssse
840 2573 1031 2634 Panodorum
1052 2576 1198 2652 Georgius

96 2658 235 2729 censuit,
260 2657 427 2736 quodcum
446 2677 525 2718 enno
544 2657 649 2718 mundi
669 2659 763 2725 6458.
785 2655 937 2734 Augustus
958 2659 1104 2740 imperare
1126 2680 1198 2718 coe-

95 2743 197 2828 perit,
221 2741 396 2802 Panedorus
415 2741 507 2808 6451.
527 2744 736 2802 tantummodo
753 2741 904 2823 posuerit,
924 2742 1199 2803 Mathematicorum

97 2827 253 2890 calculum
271 2837 422 2905 sequutus.
465 2827 581 2900 Quibus
596 2827 711 2888 erudite
727 2837 757 2886 et
767 2825 917 2886 subtiliter
935 2828 1085 2889 uPetevio
1100 2847 1199 2908 expo-
1290 2894 1294 2904 ¹

96 2913 167 2974 sitis
182 2933 220 2972 ex
238 2912 358 2990 Georgii
378 2911 499 2990 scriptis
518 2911 629 2974 illude
644 2931 691 2974 me
710 2913 900 2972 observatum
916 2913 1079 2993 subinngo:
1100 2913 1199 2973 levem

97 2999 162 3060 imo
183 2996 297 3056 nullam
321 2997 522 3057 Astronomioi
543 2997 671 3058 Cononis
692 3017 784 3078 penes
808 2996 968 3075 Georgium
988 2997 1199 3060 authoritatem

98 3086 244 3157 existere,
271 3080 325 3160 qui
345 3081 587 3143 Ecclesisstioum
609 3101 697 3162 quam
720 3081 851 3144 maxime
876 3083 985 3162 probet
1004 3093 1035 3144 et
1056 3084 1197 3164 sequitur.

97 3166 346 3230 Astronomicum
365 3175 465 3226 sutem
484 3177 515 3228 et
535 3167 780 3229 Ecclesiasticum
802 3167 951 3227 Cononem
965 3189 982 3225 e
998 3169 1123 3248 Georgio
1140 3167 1199 3227 du·

98 3253 210 3337 plicem
239 3251 400 3330 resignari,
428 3261 458 3312 et
483 3273 578 3313 unum
601 3252 689 3314 alteri
711 3253 900 3333 suppositum
919 3253 1024 3313 heberi
1046 3251 1199 3334 exipsius

98 3335 201 3401 verbis
215 3335 354 3397 coniicie.
394 3337 511 3398 Primus
526 3361 541 3398 e
557 3338 741 3398 Nebonsseri
755 3336 868 3418 epocha
882 3357 974 3397 annos
988 3337 1062 3406 424.
1079 3338 1118 3398 sd
1130 3337 1199 3398 Ale.

98 3421 212 3484 :andri
225 3420 339 3481 obitum
357 3422 491 3502 exponit.
532 3423 667 3484 Hebetur
682 3441 750 3482 cum
765 3421 972 3483 Ecclesiastico
985 3443 1050 3504 peg.
1069 3427 1143 3491 208.
1160 3423 1198 3484 do

99 3518 229 3587 unoque
242 3505 354 3566 mentio
366 3505 402 3565 fit
416 3508 514 3587 psgin.
535 3512 608 3576 207.
630 3509 662 3568 C.
684 3513 757 3574 226.
778 3508 813 3566 1).
834 3511 906 3574 231.
929 3496 960 3570 G
982 3517 1011 3568 et
1029 3508 1115 3574 subt·
1135 3507 1198 3567 Al·-

99 3602 148 3654 ter
159 3592 397 3653 Ptolemssorum
412 3602 548 3673 tempore
563 3591 602 3652 sd
615 3593 782 3670 Augustum
801 3592 941 3671 deducit,
962 3593 1043 3653 stab
1061 3595 1195 3671 Angusto

99 3677 242 3757 deinceps
255 3676 462 3757 prosequitur:
483 3677 570 3759 isque
581 3687 642 3756 est,
663 3677 702 3736 de
722 3697 780 3758 quo
793 3679 930 3740 Petreius
947 3677 1061 3739 Varier.
1074 3677 1195 3740 dissert.

98 3761 153 3826 lib.
174 3765 203 3827 8.
223 3783 255 3842 p·
277 3763 350 3828 803.
390 3762 427 3822 ln
447 3761 502 3825 lib.
524 3764 691 3845 προχείρων
707 3756 861 3836 κανόνων,
882 3763 936 3844 qui
953 3762 1070 3822 tubulas
1085 3761 1195 3822 Astro-

98 3845 232 3908 uomicas
254 3845 479 3926 complectitur,
502 3847 603 3907 Cenon
623 3849 677 3908 ille
691 3847 917 3908 Astronomicus
932 3867 949 3905 e
963 3845 1101 3926 Philippo
1118 3846 1195 3906 sri-

99 3932 180 3992 deeo
194 3930 320 4010 incipit,
342 3933 426 3992 utin
446 3933 528 3993 MSS.
548 3931 701 3994 codicibus
719 3941 857 4014 apparet,
879 3931 933 4010 qui
953 3930 1080 3991 Theonis
1100 3931 1192 3990 Gom-

99 4016 262 4078 menterios
286 4015 329 4089 είς
349 4013 421 4090 τούς
439 4017 615 4100 προχείρους
634 4011 765 4092 κανόνος
790 4014 940 4079 exhibent.
987 4015 1070 4076 ldem
1098 4015 1193 4096 priori

102 4101 281 4162 coniunctus
297 4108 351 4175 est,
366 4101 403 4162 de
417 4123 478 4182 quo
493 4102 630 4183 superine
646 4105 746 4163 fuerat
783 4109 889 4160 ¹statos.
909 4099 979 4160 Fuit
992 4100 1073 4182 apud
1086 4103 1193 4161 Astro-

100 4205 210 4246 nomos
225 4184 259 4243 in
271 4203 330 4243 usu
345 4187 448 4245 Cenon
463 4188 600 4266 quidam,
622 4188 685 4248 sive
697 4188 740 4246 lut
824 4205 874 4246 um
893 4205 996 4264 regum
1003 4233 1013 4262 ‚
1034 4186 1086 4264 qui
1099 4205 1116 4245 e
1128 4186 1192 4246 Ns·
1258 4215 1261 4224 ·

101 4269 251 4330 bonesero
263 4269 494 4332 adAntoninnm
503 4293 597 4352 usque
608 4279 808 4353 propageturs
822 4270 966 4332 nimirum
981 4271 1020 4330 sd
1034 4271 1192 4332 Ptolemaei

101 4366 245 4438 tempora.
288 4353 329 4416 Ut
350 4355 460 4437 prioris
483 4358 545 4420 eius
566 4357 661 4440 partis
677 4357 753 4419 alter
777 4363 822 4418 est
842 4355 1067 4419 Ecclesiasticus
1089 4357 1192 4420 Ganon
