2888 4714
382 378 443 450 ΕΤ
461 377 811 454 anuouunonue
1063 373 1143 454 486

63 533 151 611 nario,
174 531 378 598 accendebant
390 533 540 596 leruelitea
557 535 595 596 ad
611 533 713 596 decem
729 537 837 599 millia:
857 535 1021 621 myriadum
1040 553 1140 606 eutem

60 621 129 680 iliam
143 621 299 699 aequalem
313 640 368 702 per
381 639 527 680 annorum
542 620 683 680 ambitum
702 623 741 682 da
753 642 901 686 macerae
922 626 961 686 de
976 627 1055 688 vitae
1068 630 1136 690 diu-
1148 635 1180 690 Ρ.
1197 633 1233 696 do

61 699 240 780 turnitatem,¹
251 707 289 766 de
303 705 356 766 Dei
372 705 511 764 mulieres
527 705 734 766 succendentis
745 709 908 788 auxilium5
930 711 966 770 da
982 732 1050 773 cum
1063 733 1141 774 uxo·

58 791 130 850 n'bue
145 791 260 854 exterio
278 791 353 850 initu
374 789 534 867 connubia,
556 789 594 848 de
606 790 745 851 ieetinu'm
759 791 924 854 liberorum
936 794 1139 860 habendorum

62 895 165 950 curem,
187 877 229 934 da
244 895 373 936 uxorum
387 875 501 936 licitam
516 893 550 934 eo
562 885 698 954 tempore
709 875 844 954 turham,
864 877 902 936 da
917 881 1044 958 quodvie
1058 884 1140 944 aliud

61 960 89 1016 iu
102 959 270 1020 educandae
286 961 380 1041 prolie
399 969 587 1039 augmentum
604 979 799 1039 concurrere,
819 961 852 1020 iu
868 982 955 1042 quem
971 966 1060 1026 elium
1078 988 1138 1028 uu-

60 1063 177 1119 merum,
199 1045 235 1104 in
254 1045 414 1125 quotation
434 1065 451 1102 a
474 1045 629 1105 recensitio
651 1045 850 1105 israelitarum
872 1047 1054 1126 myriadibus
1075 1071 1139 1114 non

61 1139 199 1189 excrescet
222 1151 279 1210 per
294 1150 387 1188 annue
404 1129 549 1190 ducentur
567 1129 654 1189 unice
669 1128 815 1202 hominio,
835 1130 896 1190 imo
915 1141 962 1192 tot
981 1131 1137 1197 hominum

61 1215 249 1296 multiplicate
261 1215 397 1274 aoholeei
419 1215 509 1292 Vide,
530 1215 630 1291 rodco,
654 1215 806 1274 Petuvium
822 1235 860 1275 ex
881 1235 940 1276 una
962 1219 1029 1278 Sem
1045 1220 1141 1300 stirpe

61 1317 122 1376 pene
141 1299 234 1358 simili
258 1319 403 1360 annorum
425 1301 496 1368 216.
518 1301 613 1380 apatic
631 1295 785 1359 huminum
808 1301 1025 1370 1065741824.
1048 1325 1138 1383 quem

62 1383 135 1444 iacile
148 1385 347 1444 deducentem
359 1385 411 1444 lib.
425 1389 455 1451 9.
468 1386 506 1443 de
520 1385 604 1444 Doot.
619 1383 720 1464 Temp.
743 1405 807 1465 cap.
829 1387 878 1451 14.
896 1387 958 1446 ciue
976 1407 1046 1448 vero
1065 1409 1138 1450 een-

61 1470 167 1528 tentiam
182 1467 312 1530 huthori
326 1469 534 1546 suffragantem
546 1468 676 1528 eiuadem
689 1469 740 1528 lib.
754 1489 819 1550 cap.
832 1475 884 1536 24.
906 1471 1016 1532 Obiiuit
1025 1473 1136 1535 iterum
1189 1539 1196 1558 .

62 1551 272 1614 Ganebrerdue:
300 1553 414 1616 Achior
449 1553 673 1634 quadringentis
702 1553 735 1613 in
759 1554 893 1634 Aegypto
919 1556 956 1614 ab
976 1557 1137 1619 Ieruelition

58 1647 133 1714 geute
145 1640 260 1700 exacfia
273 1639 358 1698 annis
371 1639 505 1698 atteetari
511 1637 612 1698 Iudith
626 1657 691 1718 cup.
699 1639 729 1706 6.
750 1638 791 1698 At
805 1647 870 1698 toto
883 1659 940 1719 pro
952 1651 1037 1718 parte
1050 1663 1137 1704 uaur-

59 1731 136 1800 pato,
158 1723 405 1805 synecdochicude
422 1743 477 1782 noe
494 1721 581 1802 loqui
598 1723 710 1799 colere,
732 1742 795 1782 uon
809 1723 941 1801 ignorat,
961 1726 1013 1804 qui
1027 1729 1139 1788 struxit

60 1805 253 1872 obiectiouem.
296 1809 386 1869 Aliud
401 1807 532 1868 validiua
545 1815 750 1885 argumentum
766 1827 797 1868 ee
820 1819 1018 1889 contorquere
1036 1811 1137 1890 iactat,

59 1908 120 1949 oum
134 1903 294 1954 memorata
306 1893 408 1952 liberie
421 1891 562 1972 Ephraim
579 1912 596 1950 u
612 1891 810 1952 Gathaeoruan
826 1895 938 1974 populo
953 1895 1038 1954 illato
1052 1889 1136 1976 nece,¹

60 1977 203 2054 copiosam
219 1979 382 2058 epatribua
399 1979 432 2037 in
446 1977 525 2037 filios
539 1976 645 2036 ordine
656 1977 818 2057 multiplici
834 1977 990 2039 deductam
1006 1979 1136 2040 eiuedem

56 2059 195 2136 Ephraim
209 2063 391 2141 progeniem,
414 2071 443 2122 at
458 2063 553 2122 multo
567 2059 704 2142 pluribus
723 2061 796 2128 216.
819 2065 905 2122 annia
921 2063 1005 2124 heud
1020 2065 1137 2125 axhun-

56 2142 196 2223 tiendum,
217 2155 245 2206 et
253 2167 305 2226 per
315 2157 424 2208 ee‘tatea
437 2147 566 2226 ringulae
582 2147 670 2208 docile
684 2146 915 2208 distribuendum
929 2153 957 2214 1.
969 2149 1096 2229 Perelip.
1106 2154 1136 2215 7.

57 2231 143 2293 ῖιῖδ.
165 2241 303 2292 racanaet.
346 2233 505 2311 Ingreeeue
526 2241 570 2289 eet
589 2231 740 2310 Ephraim
762 2230 808 2292 ad
823 2253 943 2292 uxorem
963 2255 1053 2292 enam
1089 2243 1137 2294 oet

54 2310 183 2392 filiorum
194 2315 324 2393 cladem,
348 2338 424 2398 quae
437 2318 570 2395 concepit
583 2326 611 2372 et
620 2317 754 2394 perperit
762 2317 883 2394 filium,
904 2328 933 2376 et
947 2256 1136 2378 occavitpnc-

61 2415 118 2454 men
134 2403 198 2458 ciue
209 2405 323 2474 Beria,
345 2423 377 2461 eo
395 2400 480 2482 quod
492 2404 527 2459 in
544 2401 636 2458 malae
651 2399 760 2458 domm
777 2402 841 2458 eim
860 2413 945 2460 ortuo
957 2415 1045 2462 arcete
1058 2405 1136 2482 filiu

61 2493 149 2542 eutem
162 2489 226 2546 einr
230 2489 306 2565 suit
317 2489 397 2546 Sara
410 2499 465 2548 eto.
506 2489 605 2544 Porro
609 2483 703 2563 filum
719 2485 785 2540 ciue
798 2485 913 2564 Rnpha
928 2497 956 2542 at
975 2488 1094 2566 Receph
1108 2498 1137 2544 et

66 2566 160 2646 Thale,
179 2571 217 2630 de
237 2593 298 2651 quo
321 2584 416 2630 natue
442 2575 487 2630 eet
510 2569 635 2645 dhaere,
665 2569 721 2648 qui
739 2571 848 2646 gennit
869 2567 1022 2646 Laudare,
1043 2571 1138 2629 eoem

62 2669 165 2731 quoque
182 2658 277 2736 filine
301 2655 435 2733 Amiud,
457 2657 513 2734 qui
531 2656 641 2734 genuit
656 2653 816 2728 nasama,
835 2649 875 2709 de
899 2671 957 2732 quo
976 2664 1072 2713 natue
1089 2663 1134 2712 eet
1149 2655 1184 2714 V.
1193 2653 1229 2713 ut

63 2735 139 2814 Nun,
158 2745 213 2821 qui
224 2741 446 2820 hahuitfilium
462 2741 557 2802 dorne.
598 2739 644 2800 Eu
656 2747 692 2797 ut
706 2735 791 2796 loeue
808 2737 898 2814 longo
913 2746 981 2816 poet
993 2735 1137 2816 Ephraim

64 2824 160 2902 natio,
176 2837 247 2908 port
267 2836 329 2887 nm
350 2827 471 2908 copioee
491 2831 684 2904 propagatam
705 2821 767 2880 eiue
788 2820 930 2900 etirpem,
957 2829 992 2880 ut
1007 2831 1136 2882 armatae

66 2905 124 2965 miei
152 2911 374 2993 componendae
407 2909 574 2984 sufficeret,
602 2917 638 2968 ut
662 2906 765 2982 Ioeitc,
786 2904 925 2985 inquam,
954 2913 1076 2966 octavua
1097 2906 1135 2992 ah

66 2985 205 3072 Ephraim,
227 2996 409 3078 eaptimuea
432 2995 520 3055 Beria
537 2999 719 3052 numeratur.
760 2990 801 3050 At
819 2999 958 3048 nrortuue
980 3001 1025 3050 eet
1047 2991 1136 3052 Iueue

60 3073 139 3146 filice
153 3083 229 3141 Nun
242 3101 349 3140 amne
360 3083 506 3150 Domini,
525 3088 561 3138 ut
573 3077 669 3158 ipeiue
681 3075 733 3135 lib.
751 3095 817 3154 cap.
832 3079 883 3141 24.
899 3093 929 3136 v.
944 3078 995 3142 29.
1013 3076 1133 3154 legitur,

66 3152 167 3223 centem
181 3178 211 3226 et
224 3164 322 3225 decem
336 3185 504 3224 annorum:
521 3173 551 3222 et
566 3171 635 3242 poet
645 3161 735 3222 Morio
749 3160 861 3219 obitum
875 3159 1015 3220 ducatum
1028 3161 1137 3242 populi

66 3246 136 3315 geete
151 3251 223 3312 rolie
241 3249 364 3334 (inquit)
379 3250 481 3310 decem
494 3247 595 3308 annio:
618 3265 708 3327 quare
720 3265 787 3306 oum
800 3245 929 3325 populun
945 3263 982 3305 ex
999 3245 1135 3325 Aegypto

67 3327 109 3386 'th
127 3333 216 3396 hioeie
235 3335 375 3416 auspiciis
397 3353 527 3414 egremue
545 3340 604 3408 eet,
625 3333 710 3391 iorue
730 3329 789 3390 fuit
809 3349 956 3390 annorum
970 3335 1021 3396 60.
1038 3351 1056 3388 a
1077 3331 1136 3391 Ba-

66 3409 114 3471 fl'te
131 3437 199 3482 vero
221 3421 315 3480 netuli
334 3419 398 3496 die,
418 3421 470 3500 qui
491 3417 549 3478 fuit
569 3425 638 3496 poet
657 3411 747 3476 Iacob
767 3423 894 3474 mortem
918 3433 996 3474 anno
1015 3414 1136 3478 circiter

67 3495 290 3587 quinquagesimo
306 3503 345 3564 ad
358 3505 446 3564 loeue
457 3501 639 3564 incunabule
658 3519 721 3560 non
736 3509 862 3580 poeeunt
876 3499 947 3558 anni
963 3501 1068 3581 plures
1080 3505 1133 3570 90.

67 3589 241 3668 mercedem
265 3589 316 3671 qui
327 3590 354 3648 ei
367 3589 504 3670 praecoci
517 3587 644 3668 quadem
658 3585 859 3646 foecunditate
871 3594 988 3666 reptem
1001 3594 1134 3644 autunto

68 3676 282 3736 secretionibus
296 3675 481 3748 tribuantur,
502 3672 636 3752 cingulo·
648 3671 734 3732 loeuc
751 3669 876 3732 maiorer
891 3670 1064 3730 duodecimo
1077 3667 1135 3726 cir.

68 3747 126 3813 ⁰5¹9
143 3779 218 3822 anuo
245 3761 356 3820 liberor
378 3777 552 3840 procreeeee
569 3755 838 3838 deprehendemur:
860 3764 922 3814 tem
944 3759 1134 3832 portentosae

69 3845 149 3900 *ulem
169 3844 325 3906 hominum
346 3844 548 3924 generationea
570 3842 637 3924 quie
658 3842 780 3924 probet,
801 3839 860 3900 uiri
879 3837 932 3918 qui
945 3837 1060 3896 subuleo
1078 3853 1133 3894 eut

69 3921 223 3990 credulitate
237 3938 355 3990 censeat
367 3928 521 4004 emendae,
540 3929 656 3990 eaedem
671 3947 740 3988 cum
754 3923 909 3986 derisionis
919 3920 1054 4000 periculo
1067 3917 1134 3980 aliie

68 3996 403 4076 dundeduuibuammt
424 4014 577 4094 Negotium
597 4014 750 4093 praeberet
772 4010 887 4069 obiecta
906 4005 1083 4081 difficulter,
1105 4003 1133 4064 ai
1232 4019 1234 4023 ’

68 4099 128 4158 quoa
139 4099 232 4161 citetis
251 4099 350 4161 verbio
366 4109 527 4160 enumeret-
534 4097 688 4180 Scriptura
708 4099 899 4156 concatenata
915 4091 1007 4166 cerie,
1029 4099 1059 4149 et
1078 4107 1131 4148 or-

69 4165 125 4234 dint
145 4185 287 4246 contiuuo
310 4185 365 4245 eibi
386 4193 599 4266 consequenter
618 4181 799 4254 adhaeaiere,
817 4187 847 4237 et
863 4195 957 4236 unum
973 4183 1044 4256 port
1057 4173 1132 4234 alte·

68 4265 164 4328 femin
180 4271 276 4332 lucem
296 4269 413 4330 veniere
432 4271 662 4330 demonetrrrete
684 4275 716 4326 at
737 4264 804 4344 quie
822 4281 886 4322 non
905 4260 1007 4321 credet
1027 4259 1132 4358 pluree
1229 4315 1236 4330 ‚

70 4353 101 4400 ²¹
111 4347 149 4410 θ’·
167 4375 294 4436 quorum
310 4353 364 4418 lu'o
381 4353 528 4418 moenem
546 4351 669 4415 nomine
681 4351 789 4414 naues
803 4345 1001 4427 adinvicem,
1017 4354 1053 4442 et
1066 4363 1135 4428 pan
