2960 4716
503 377 813 455 DISSERTATIO.
1161 375 1206 448 11

118 537 209 604 leudes
229 539 365 620 Georgia
382 549 494 601 nostro
513 539 645 600 tribuere
657 559 830 622 possumus,
850 535 960 622 quibus
972 538 1105 620 Scaliger
1117 539 1211 608 Euss-

113 627 189 686 bium
212 629 398 688 accumulat.
440 627 553 686 Omnes
574 627 635 688 fere
648 627 823 706 scriptores,
848 647 866 686 e
884 627 993 708 quibus
1008 646 1056 687 res
1069 635 1168 705 gastae
1180 637 1212 687 et

112 711 257 772 finitiones
268 723 445 792 temporum
463 711 563 790 colligi
574 721 722 793 poteraut,
743 723 948 792 perscrutatus
961 721 1020 790 est;
1040 711 1138 773 varias
1151 731 1212 772 me-

111 797 203 856 tiendi
214 799 361 878 temporis
376 797 510 858 rationes
525 797 682 877 diligenter
694 798 774 858 inter
788 817 821 858 se
835 797 979 874 contulit,
1000 817 1096 877 neque
1104 797 1213 858 imme-

111 881 171 942 rito
188 903 204 940 a
218 882 403 964 Theophane
415 891 577 942 coaetaneo
588 882 852 962 πολυμαθέστατος
861 883 1011 946 laudatur.
1043 883 1088 942 lle
1102 892 1212 960 autern,

113 967 196 1046 quod
205 987 313 1030 verum
329 977 384 1043 eat,
408 967 610 1029 dissimulem:
632 967 750 1028 laborat
763 969 907 1047 Georgius
919 967 993 1028 vitio
1004 967 1135 1027 omnium
1150 969 1214 1030 tere

115 1051 351 1114 chmfimomm
372 1053 603 1130 historicorum,
632 1055 686 1134 qui
702 1053 876 1114 historicam
891 1063 984 1114 sitem
998 1053 1061 1114 iere
1077 1061 1214 1114 conum·

8 1165 9 1168 ¹
114 1146 218 1198 nentes
239 1140 320 1198 exile
339 1139 493 1218 quoddam
516 1139 663 1219 nimisque
680 1139 795 1199 siccum
809 1137 982 1199 scribendae
999 1137 1141 1198 historiae
1162 1157 1215 1217 ge-

113 1241 169 1282 nus
181 1225 302 1303 sequuti
318 1233 403 1302 sunt,
424 1225 467 1284 ita
483 1233 530 1301 ut,
552 1225 694 1305 quicquid
709 1225 759 1286 vel
772 1225 806 1284 in
821 1224 881 1284 hoc
893 1225 984 1285 illove
999 1223 1078 1282 libro
1099 1243 1217 1284 memo-

112 1307 209 1368 rabile
228 1309 384 1388 legissent,
406 1309 599 1386 adnotarent,
620 1309 723 1392 paucis
744 1319 781 1370 ut
800 1310 963 1392 plurimum
980 1308 1097 1384 verbis,
1117 1309 1218 1370 rarius

114 1391 261 1474 (maxime
276 1395 309 1452 in
327 1394 447 1455 Iudaica
461 1393 599 1477 historie)
624 1415 690 1456 cum
705 1395 802 1475 eliqua
816 1396 1028 1456 adiunctorum
1043 1413 1218 1454 musarum·

116 1497 176 1556 que
195 1479 383 1556 recensione,
415 1480 513 1540 omnis
529 1481 644 1560 generis
667 1499 716 1540 res
734 1481 908 1557 miscentes,
932 1499 991 1540 neo
1013 1479 1102 1538 facile
1120 1479 1217 1538 slium

114 1562 251 1624 ordinem
265 1573 427 1640 servantes,
450 1585 538 1644 quam
554 1585 644 1645 quem
658 1566 707 1626 vel
722 1573 839 1646 tempus
849 1566 901 1626 vel
916 1565 1051 1645 exempla
1066 1583 1119 1624 sua
1131 1583 1220 1645 prse-

111 1647 220 1708 bebaut
231 1645 269 1730 ⁸).
314 1650 461 1728 Georgius
479 1651 618 1731 inprimis
639 1649 750 1711 nimius
776 1660 821 1710 est
842 1651 876 1710 in
898 1649 1005 1710 iisdem
1024 1649 1136 1710 iterum
1158 1649 1219 1708 ite-

110 1752 237 1812 rumque
256 1735 442 1814 repetendis,
463 1736 591 1796 mamma
604 1735 637 1795 in
649 1734 920 1817 vituperationibus
933 1735 1064 1794 aliorum
1076 1732 1219 1792 Chrono-

111 1817 312 1898 grsphcrnm,
335 1829 424 1900 atque
443 1819 478 1880 in
497 1821 679 1903 perturbatis
701 1841 848 1882 annorum
865 1819 997 1882 numeris
1011 1819 1221 1898 erroribusque

111 1902 321 1981 librariorum,
342 1905 480 1984 quamvis
500 1907 639 1985 paginam
663 1908 762 1986 operis
777 1905 967 1981 vitiantibus,
989 1922 1078 1984 saepe
1096 1903 1223 1962 difficile

115 1995 163 2046 est
174 1987 348 2065 diiudicatu,
371 1989 633 2069 contradictiones,
647 2011 723 2070 quae
736 1999 910 2067 occurrunt,
930 1997 1035 2057 utrum
1048 1988 1165 2048 auctori
1181 2007 1221 2046 an

109 2071 236 2132 librario
264 2073 466 2152 iniungendse
489 2075 558 2136 sint.
585 2105 629 2122 -·
656 2077 755 2136 Labor
777 2095 850 2137 vero
877 2073 961 2134 haud
983 2073 1135 2134 iucundus
1165 2079 1222 2149 ast,

109 2156 142 2216 in
155 2157 238 2218 libro
249 2157 379 2236 legendo
394 2159 515 2236 librum,
533 2179 622 2241 quem
634 2161 766 2222 lecturus
780 2179 821 2238 es,
833 2180 849 2220 e
864 2159 984 2232 litteris,
995 2157 1130 2238 syllabis,
1150 2175 1221 2218 ver*-

110 2241 157 2301 bis
175 2243 371 2324 numisque
390 2246 543 2326 corruptis
565 2247 738 2308 restituere:
760 2245 793 2308 id
815 2245 897 2326 quod
913 2246 947 2304 in
966 2243 1095 2323 Georgia
1112 2252 1222 2303 nostro

112 2327 226 2407 saepius
247 2328 316 2388 lieri
334 2349 457 2389 necesse
477 2341 531 2394 est
554 2363 599 2380 ·-
629 2333 733 2392 Gauro
757 2331 850 2411 igitur
870 2330 981 2409 gratiae
1002 2329 1113 2390 habere
1128 2328 1221 2388 debe-

110 2431 176 2471 mus
184 2457 194 2488 ,
216 2413 302 2492 quod
320 2413 456 2474 laborem
471 2416 714 2478 molestissimum
727 2415 808 2478 bano
820 2412 1091 2495 chronographiam
1105 2412 1222 2474 descri-

110 2496 201 2558 bendi
214 2497 384 2579 edendique
400 2521 462 2560 non
475 2502 638 2568 recusavit.
672 2501 782 2563 blnltoa
794 2519 937 2562 numeros
953 2499 1098 2574 correxit,
1116 2497 1223 2560 multis

109 2581 188 2641 locis
203 2602 324 2644 sensum
337 2585 485 2660 reddidit,
505 2584 544 2663 et,
566 2587 651 2668 quasi
665 2585 834 2667 pugnando¹
844 2584 997 2664 ingenium
1011 2583 1075 2644 eius
1091 2582 1223 2642 maxime

118 2667 278 2744 excitetur,
299 2669 332 2728 in
349 2669 388 2728 iis
402 2670 479 2730 locis
490 2691 577 2752 saepe
587 2691 694 2734 verum
707 2671 840 2750 tetigisse
852 2671 992 2746 videtur,
1014 2669 1048 2727 in
1065 2666 1173 2747 quibus
1188 2665 1224 2726 in
1307 2728 1309 2736 ,

116 2748 258 2828 Soeh'gffi
276 2754 473 2814 temeritatem
494 2757 629 2830 invehit3
654 2775 836 2836 quemquam
849 2753 1002 2814 interdum
1018 2771 1140 2834 quoque
1155 2760 1225 2810 stn-

112 2833 165 2894 dio
183 2854 241 2894 suo
258 2845 454 2916 praereptus,
474 2859 581 2898 veruna
605 2841 690 2915 qued
710 2839 842 2916 Scaliger
861 2839 1035 2912 invenerat,
1055 2857 1119 2896 non
1133 2835 1225 2898 vidit.

112 2921 155 2978 Ut
175 2921 255 2980 enim
268 2920 398 2999 ingenue
412 2921 521 3000 fatear,
544 2921 627 3002 quod
639 2922 747 2982 sentio:
771 2920 903 3000 Scaliger
919 2919 1039 3000 quidem
1054 2921 1162 2980 nimius
1178 2929 1225 2981 est

114 3015 144 3065 et
154 3004 186 3063 in
202 3005 332 3064 Eusebio
343 3005 497 3066 laudando
512 3006 588 3066 etin
603 3007 731 3086 Georgio
746 3005 962 3086 vituperando,
984 3005 1137 3084 ingenium
1150 3025 1225 3066 vero

115 3089 343 3168 doctrinamque
361 3091 517 3170 Scaligeri,
538 3091 718 3174 maximein
734 3093 824 3152 rebus
842 3089 1082 3169 chronologicis,
1106 3091 1225 3149 Gnarus

113 3173 205 3254 longo
228 3175 325 3255 spatio
347 3195 410 3236 non
427 3187 604 3256 assequutus
625 3187 686 3254 est,
709 3177 859 3256 aliumque
873 3176 1034 3256 Georgium
1047 3174 1223 3253 legeremus,

111 3259 271 3319 nonnullis
286 3259 405 3339 quidem
422 3262 549 3322 fortasse
558 3263 593 3322 in
604 3263 681 3322 locis
695 3261 757 3322 acri
773 3259 897 3321 audacia
914 3259 1099 3339 castigatum,
1116 3257 1140 3318 si
1154 3261 1224 3318 Sca·
1273 3327 1276 3332 ¹

110 3345 188 3423 liger
209 3354 312 3404 totum
336 3345 486 3407 edidisset.
530 3347 671 3408 Conierss
687 3347 774 3424 loce,
796 3365 871 3426 quae
886 3345 1035 3406 Chronico
1053 3343 1224 3404 Eusebiano

113 3437 144 3489 et
157 3429 240 3488 notis
251 3429 395 3490 inseruit:
418 3431 540 3515 (gratias
555 3431 695 3493 debemus
709 3433 824 3508 Gosro,
846 3431 928 3512 quod
943 3429 1065 3510 paginas
1081 3428 1224 3489 chronici

112 3513 274 3574 Eusebiani
296 3515 421 3596 adiecit,
442 3517 596 3598 inquibus
616 3518 782 3598 Georgisna
795 3512 949 3596 leguntur)
970 3515 1160 3594 dolebiaque,
1180 3513 1225 3573 its

114 3609 297 3660 exornatum
310 3609 408 3660 totum
424 3603 567 3664 volumen
580 3625 642 3664 non
656 3603 813 3684 prodiisse.
831 3635 871 3647 -
889 3601 1001 3662 Partim
1015 3608 1051 3660 nt
1065 3619 1142 3680 quae
1157 3599 1224 3659 dixi

111 3683 256 3766 probem,
278 3685 389 3766 partim
402 3696 440 3748 ut
456 3689 650 3749 conniventia
664 3689 811 3748 lectorum
824 3685 933 3766 dignus
952 3685 1074 3761 videar,
1104 3685 1129 3744 si
1144 3681 1224 3743 nibil

112 3769 191 3829 certi
203 3779 335 3830 metuere
347 3781 454 3851 potero
470 3783 521 3834 aut
532 3775 558 3833 si
574 3775 753 3834 conienmta
770 3771 950 3852 indulgebo,
972 3789 1010 3832 ex
1024 3769 1099 3851 ipsis
1115 3767 1224 3850 primis

112 3855 230 3936 paginis
247 3855 317 3916 locs
333 3857 480 3936 quaedam
495 3869 637 3941 corrupta
654 3877 814 3941 exsupera
828 3857 930 3919 liceat.

199 3957 268 4040 lpse
286 3957 385 4038 prima
406 3961 500 4022 verba
520 3959 662 4022 Chronici
686 3983 717 4044 p.
737 3967 766 4027 1.
790 3959 827 4020 ab
850 3959 966 4020 editore
987 3977 1051 4018 non
1070 3955 1224 4015 intellecta

116 4059 197 4119 etse,
218 4053 249 4104 et
263 4043 472 4127 interpunctio
485 4055 515 4106 et
530 4047 627 4108 versio
649 4047 744 4106 latina
763 4045 889 4106 docent:
910 4053 982 4126 post
1001 4037 1145 4124 παρήχθη
1160 4061 1223 4100 non

117 4125 341 4210 interpungitur
348 4137 362 4210 ς’
374 4141 404 4192 et
416 4133 451 4192 in
461 4131 600 4194 versione
609 4133 770 4213 leguntur:
783 4131 863 4211 „doc
871 4140 923 4212 ,est
934 4125 1116 4213 principium
1123 4147 1133 4204 3
1148 4125 1223 4204 diss,

153 4311 462 4456 depompatur
476 4313 785 4374 censenserint.
809 4313 914 4370 roam
935 4329 964 4388 p.
977 4311 1083 4368 1-72
1107 4307 1225 4380 masu-

241 4413 251 4451 t
340 4427 348 4445 ·
