2960 4716
272 312 329 442 ¹ss
751 370 886 440 conas

283 535 319 596 ab
331 531 428 606 hisce,
452 507 557 608 qaiihus
569 530 663 590 vitans
677 529 829 608 ducimus,
850 549 998 594 antrorum
1012 528 1199 604 discrimine,
1220 530 1382 610 Scriptura

282 639 344 682 non
360 618 518 697 eloquente
533 615 651 693 penitus
660 660 669 691 ,
691 637 765 696 quae
780 616 817 676 de
830 617 896 676 istis
910 615 987 675 ratio
1002 616 1052 674 vel
1067 623 1270 694 argumentum
1284 616 1380 692 igno-

281 701 408 765 rantiam
430 711 458 760 et
481 701 606 760 dubium
631 721 717 759 omne
736 701 844 762 tollatl
871 701 916 764 Ab
937 699 1077 760 Hebraeis
1103 699 1210 760 Graeci
1233 700 1382 758 centuriis

282 807 427 848 annorum
443 785 565 862 integris
585 785 746 848 dissidente
766 787 833 866 pari
848 785 996 846 discordia
1014 785 1136 843 Graecis
1152 793 1311 864 opponunt
1326 805 1382 842 se—

281 891 312 932 se
328 870 439 930 Latini:
464 871 521 951 ipsi
543 871 670 947 deniqne
689 879 735 929 tot
757 871 895 952 supputis
911 892 927 929 a
944 891 975 930 se
990 869 1119 930 invicem
1140 869 1250 929 diversi
1268 869 1383 929 abeunt

282 955 398 1031 Latini,
420 963 471 1028 ut,
493 955 630 1014 nonnisi
653 956 772 1016 reiectis
790 957 916 1016 aliorum
933 955 1072 1032 calculis,
1095 964 1124 1012 et
1139 975 1217 1012 nova
1232 955 1382 1036 temporis

282 1041 397 1102 ratione
410 1039 523 1120 posita,
546 1041 648 1100 nullus
660 1060 761 1102 eorum
773 1042 881 1100 ambiet
896 1040 1042 1100 aestimari
1056 1039 1273 1116 Chronologus.
1318 1037 1381 1098 Ve-

282 1147 350 1187 rusn
361 1125 519 1184 enimvero
529 1125 703 1185 Latinorum
719 1147 835 1206 pugnae
851 1147 919 1185 cum
933 1125 1070 1184 omnibus
1082 1133 1213 1205 pateant,
1232 1143 1290 1184 nec
1306 1144 1382 1183 cure

273 1212 327 1286 ‚sit
342 1211 427 1268 nobis
447 1210 482 1270 de
499 1209 638 1270 Hebraeis
654 1211 797 1292 plurima3
820 1233 857 1270 ax
872 1231 930 1290 quo
946 1210 1077 1271 Verbum
1094 1219 1245 1268 aeternum
1259 1229 1382 1268 carnem

285 1305 314 1356 et
328 1305 443 1374 tenipus
461 1293 553 1354 subiit
567 1295 604 1353 ad
619 1297 703 1355 Rom.
728 1295 845 1376 imperii
865 1317 932 1354 cum
949 1296 1131 1354 Francorum
1145 1293 1314 1354 lllonarchis
1328 1295 1382 1352 di·

285 1381 343 1440 visi
360 1379 536 1455 tenninnm,
557 1381 581 1440 si
595 1379 631 1440 de
649 1381 832 1442 Graecorum
848 1380 1042 1458 chronologis
1061 1377 1231 1460 (Clemente
1246 1379 1380 1438 Alexan-

286 1465 390 1540 drino,
413 1465 555 1540 Titiano,
577 1473 607 1523 et
626 1463 709 1542 aliis,
732 1485 861 1544 quorum
881 1465 967 1526 labor
989 1465 1166 1545 praecipuus
1181 1463 1382 1523 consideratio

285 1560 454 1628 temporum
470 1570 533 1608 non
547 1549 660 1626 extitit,
687 1547 930 1632 praetermissis),
952 1571 1048 1610 serino
1065 1549 1254 1624 instituatur,
1275 1549 1306 1606 in
1319 1568 1381 1607 au·

285 1644 402 1696 ctorum
423 1633 523 1694 album
532 1680 541 1710 ,
564 1634 615 1713 qui
638 1635 676 1693 ad
692 1645 789 1694 certos
806 1636 915 1696 limites
931 1645 961 1694 et
976 1635 1114 1694 definitos
1129 1633 1216 1714 spatii
1231 1632 1382 1692 cancellos

284 1718 446 1778 Historiam
478 1719 650 1796 digesserint
678 1721 866 1798 universnm,
888 1719 998 1779 lulium
1028 1722 1175 1779 duntaxat
1194 1717 1382 1796 Africanum,

286 1803 501 1867 Caesariensem
514 1805 682 1880 Eusebium,
696 1804 845 1866 annuum
860 1803 1084 1864 etPanodornnr
1098 1801 1266 1878 nonanes,
1281 1801 1382 1862 Cluo·

283 1888 346 1948 nici
374 1889 568 1950 Alexandrini
588 1891 783 1970 scriptorem,
811 1899 841 1950 et
870 1889 1031 1967 Georgium
1053 1891 1171 1948 undem
1195 1888 1382 1967 syncellum,

200 2013 206 2030 .
284 1973 369 2032 errius
395 1993 471 2054 opus
492 1973 580 2034 nobis
600 1973 652 2036 hie
676 1974 827 2038 scribendi
849 1983 1073 2054 argumentum,
1095 1973 1290 2034 recensendos
1312 1974 1382 2032 exi·-

281 2057 381 2124 stiuam

368 2142 483 2202 Primus
507 2143 558 2200 ille
577 2142 672 2202 lulius
691 2142 850 2206 Africanus
867 2143 1042 2223 antiquitate
1064 2143 1244 2223 spectandus
1260 2143 1385 2204 Tertul-

283 2227 397 2290 lisnum
413 2237 442 2284 et
457 2225 613 2306 Origenem
628 2229 773 2288 Antonini
783 2229 965 2308 Heliogabali
976 2239 1109 2308 ternpore
1122 2227 1229 2290 habuit
1245 2249 1395 2288 coaevos„

283 2309 411 2372 Eusebio
432 2311 611 2373 Caesariensi
629 2311 794 2396 Episcopo,
816 2315 890 2394 quid
904 2315 937 2378 in
956 2313 1159 2394 componenda
1181 2311 1385 2391 Clsronologia

283 2407 384 2478 posset
398 2394 527 2473 imitari,
550 2397 633 2457 dedit
649 2400 837 2480 exemplum,
858 2409 919 2478 ant,
940 2419 1029 2479 quam
1045 2399 1079 2462 iu
1089 2399 1199 2478 scripta
1212 2419 1265 2456 sua
1283 2407 1386 2458 mans-

283 2483 390 2558 iearet,
412 2483 550 2560 praebuit
565 2483 727 2550 materiam.
748 2485 906 2546 Caesareae
918 2483 1131 2545 bibliothecam
1145 2482 1271 2563 aperuit,
1288 2503 1386 2560 quam

308 2576 387 2626 ostes
406 2567 564 2644 Eusebius,
587 2579 617 2626 et
630 2570 719 2628 unice
734 2589 818 2629 carus
840 2569 964 2633 Eusebio
986 2565 1158 2652 Pamphilus
1175 2567 1384 2628 Laodicaenus

283 2587 442 2732 Ereshyter
456 2653 494 2712 ad
508 2653 630 2731 triginta
641 2653 734 2714 millia
747 2654 936 2717 voluminum
951 2663 1108 2716 auxerunt.
1151 2653 1234 2714 ldem
1249 2672 1311 2712 non
1329 2675 1386 2711 ar-

285 2755 358 2798 cana
373 2737 463 2796 modo
480 2739 666 2818 scripturae,
691 2739 761 2816 sed,
784 2750 821 2800 ut
836 2759 874 2798 ax
894 2741 957 2800 eius
973 2739 1109 2818 reliquiis
1126 2737 1207 2818 apud
1223 2737 1384 2798 Eusebium

286 2832 412 2897 constat,
422 2823 553 2882 omniurn
569 2845 663 2903 paene
677 2826 810 2904 gentium
824 2823 1024 2884 Bibliothecae
1040 2823 1202 2882 evolverat.
1241 2823 1312 2882 Eius
1329 2823 1385 2880 vi-

285 2914 333 2966 tae
349 2905 407 2964 suit
420 2907 445 2964 is
459 2907 610 2984 splendor,
625 2919 661 2968 ut
674 2909 786 2968 civium
801 2928 922 2968 suorum
935 2905 1086 2984 suffragiis
1105 2906 1312 2988 (Palaestinam
1325 2926 1383 2966 ve·

284 3009 320 3050 ro
336 3008 522 3048 communem
532 3011 599 3050 cum
612 2991 653 3050 eis
665 2993 789 3070 patriam
804 3003 910 3054 nactus
927 2989 993 3072 est),
1008 2991 1065 3070 ipsi
1073 2991 1180 3068 legatio
1192 2992 1230 3050 ad
1240 2995 1384 3052 Senatum

284 3073 372 3138 Rom.
387 3073 610 3150 decerneretur3
635 3077 823 3156 obtinuitque
836 3087 869 3136 ut
880 3075 1065 3138 Emmsuntis
1080 3077 1216 3156 antiquae
1231 3077 1335 3136 ruinae
1350 3075 1385 3136 in

285 3157 388 3218 urbem
409 3157 553 3218 excitatae
573 3159 655 3220 urbis
682 3163 801 3222 nomine
825 3183 859 3221 ac
886 3163 953 3221 iure
973 3161 1006 3220 in
1029 3169 1182 3240 posterum
1201 3162 1384 3224 fruerentur.

286 3247 466 3321 Supererant
478 3243 586 3320 adhuc,
607 3266 684 3324 quae
697 3257 850 3322 memorat,
869 3249 931 3306 eine
949 3245 1061 3326 scripta
1076 3245 1174 3305 Photii
1188 3255 1292 3322 aetate,
1308 3266 1386 3324 quae

285 3333 333 3424 tot
347 3329 502 3390 doctorum
515 3329 639 3396 vocibus
654 3332 779 3417 periisse
792 3331 952 3410 deflentur,
967 3339 1040 3411 quot
1058 3331 1212 3396 doctrinae
1225 3339 1315 3390 testes
1324 3331 1386 3390 ob·

370 3495 454 3558 Alter
478 3499 622 3560 Eusebius
650 3499 723 3560 adeo
745 3503 836 3559 notus
860 3507 1010 3580 tempore,
1032 3498 1189 3572 domna,
1209 3499 1385 3578 virtutibus,

287 3579 445 3658 dignitate,
469 3584 622 3664 operibus,
643 3593 679 3644 ut
699 3585 773 3644 haec
793 3603 887 3663 aeque
910 3585 984 3651 trita
1006 3583 1120 3662 doctis,
1149 3604 1183 3646 so
1207 3585 1386 3645 mortalium

286 3667 382 3728 semis
400 3668 527 3744 quadiu
540 3669 652 3728 mundo
667 3670 949 3730 communissimum.

369 3751 518 3812 Panotlori
541 3763 570 3813 et
591 3754 700 3813 Auiani
721 3773 783 3814 non
805 3753 967 3816 obscurum
985 3771 1105 3814 nornen.
1147 3751 1288 3813 Virorum
1309 3751 1387 3812 illu·

285 3836 358 3898 stria
380 3837 502 3915 quidem
523 3838 648 3918 scripta:
670 3837 722 3900 sed
744 3859 821 3920 quae
845 3839 953 3918 supina
971 3840 1143 3917 priscorum
1162 3837 1278 3898 incuria
1293 3839 1386 3898 nobis

285 3921 437 3983 inviderit.
487 3924 574 3984 Aetas
597 3924 655 3984 luit
684 3923 801 4001 eadem,
829 3943 903 4004 quae
930 3921 1090 3982 Theodosii
1117 3921 1265 3999 iunioris,
1286 3923 1385 4002 pietas

285 4005 500 4068 Monachorum
523 4009 555 4067 in
579 4009 714 4088 Aegypto
736 4029 769 4068 ea
790 4018 964 4090 tempestate
986 4005 1248 4068 celeberrimorum
1269 4009 1387 4068 convi-

286 4100 368 4150 ctum
387 4094 491 4155 sortita
513 4104 574 4154 ests
595 4095 627 4152 in
644 4092 801 4154 Historicis
816 4105 846 4154 et
864 4103 1035 4174 temporum
1051 4111 1190 4152 mensura
1205 4102 1267 4153 tsm
1281 4092 1387 4152 subti-

288 4173 325 4233 lis
340 4179 465 4256 peritia,
486 4187 612 4257 atquae
629 4177 816 4240 Manethonis
832 4187 862 4240 et
875 4178 979 4238 llerosi
992 4177 1213 4238 narrationibus
1224 4179 1387 4239 absurdis·

289 4258 362 4316 sinas
378 4262 529 4320 nonnullis
545 4262 626 4337 visu,
649 4263 838 4340 postmodum
852 4261 1041 4324 evidentibus
1057 4272 1088 4320 et
1100 4263 1334 4326 accommodatis
1348 4261 1387 4324 sd

289 4341 450 4422 scriptores
469 4345 540 4408 ahos
555 4345 734 4422 argumentis
748 4347 860 4406 suerint
869 4345 906 4406 ab
922 4347 964 4406 eis
978 4341 1162 4409 confirmati.
