2860 4714
393 335 453 402 nn
469 264 827 406 mmoutnouns.
923 395 931 412 ,
1080 313 1157 400 tto

53 517 100 558 no
117 492 177 556 init
191 443 335 554 nonna.
377 453 516 554 Eiuadoin
527 491 624 556 nihilo
639 491 734 556 aetina
756 491 952 574 oxpmitionia
973 499 1042 554 ante
1056 497 1159 556 octin-

57 590 168 661 gentoa
182 598 281 638 annoa
293 578 403 640 litteria
419 579 627 657 consignatae,
650 599 687 640 en
700 587 736 638 nt
753 579 895 658 Georgiua
912 598 995 640 meua
1014 578 1158 640 invento·

56 661 1158 830 {tttitittilittttfftitttltttttttlttillati:

56 837 211 898 nbramm
226 833 317 894 Phari
330 841 395 893 toto
409 832 486 894 libro
501 839 530 900 7.
544 831 682 894 breviora
697 842 728 893 et
741 832 850 895 minori
861 835 1051 896 contentione
1064 845 1157 914 carta,

57 919 201 982 Petm'ua
214 919 267 982 lib.
281 925 312 986 9.
333 919 370 978 de
385 919 471 980 Dect.
488 918 590 1000 Temp.
606 938 670 998 cap.
686 923 734 984 17.
778 949 781 966 ·
828 943 832 966 ε
1107 975 1109 980 ,

146 1005 219 1082 Pag.
241 1004 292 1072 94.
320 999 362 1066 Tel
385 997 445 1068 cini
467 1007 523 1066 τοῦ
537 997 594 1084 pp‘.
617 1001 722 1082 hooc]
750 1001 873 1087 Repone
886 997 924 1066 aei
938 999 999 1068 tet
1014 1008 1071 1068 roci
1083 997 1157 1086 ppe‘.

58 1091 163 1166 ἔτους,
184 1095 243 1152 τοῦ
260 1083 366 1170 &riddo
380 1088 529 1168 intellige:
550 1088 645 1170 ipaiua
659 1090 737 1148 enim
750 1087 830 1148 vitae
842 1091 894 1154 70.
910 1097 940 1148 et
959 1087 996 1148 ab
1010 1087 1158 1150 Abraham

59 1178 110 1236 die
131 1175 229 1236 natali
253 1173 305 1234 alii
325 1175 376 1242 75.
397 1193 541 1234 aumnaem
562 1174 632 1242 146.
653 1173 693 1234 ad
713 1172 876 1252 marginem
902 1173 1032 1255 poeitem
1068 1194 1158 1234 com-

80 1269 194 1322 onnnt.
283 1316 285 1326 .

56 1281 79 1342 Ρ
145 1345 219 1424 Pag-
240 1347 294 1410 96·
319 1346 382 1407 rot
395 1336 559 1424 iiao'cpcv
572 1332 616 1422 vlu
636 1340 702 1416 deoc
714 1337 821 1428 ,ypoffl
843 1341 940 1404 Habet
955 1341 1075 1424 quidem
1097 1343 1159 1404 tte.

56 1455 163 1578 m
184 1421 403 1581 'uelit
503 1427 1034 1592 illucentetlstfflt
1050 1428 1159 1574 111

163 1559 172 1578 .
230 1557 240 1576 .
974 1560 978 1570 .
994 1536 1011 1574 a

56 1611 187 1662 evectna
194 1643 204 1675 ,
225 1598 385 1660 duodecim
397 1599 482 1658 annia
495 1597 672 1679 occupavit,
693 1599 733 1658 ed
745 1619 859 1658 annum
872 1599 973 1678 itaqua
986 1603 1079 1664 3157.
1099 1619 1158 1677 quo

56 1689 212 1749 dmeaiaea
232 1685 331 1764 coepit
346 1697 479 1762 regnare.
522 1683 557 1744 ln
580 1683 735 1744 adveraam
758 1693 873 1766 portem
886 1685 945 1745 MS.
957 1683 1160 1744 teatimonium

57 1773 171 1834 scribit
185 1769 326 1849 Scaliger,
348 1779 379 1830 et
389 1769 501 1830 obiicit.
541 1767 689 1830 Ameaiaea
702 1768 966 1849 deoimuaqnintue
981 1771 1161 1836 annostu.
1252 1820 1254 1829 ,

54 1878 118 1920 rex
132 1855 323 1930 declaratur,
346 1873 517 1936 praeceaaor
536 1853 667 1922 decimae
687 1863 811 1933 quartua
830 1875 910 1918 anne
930 1854 1024 1922 3145.
1037 1873 1162 1932 regnum

55 1943 162 2024 igitur
185 1940 271 2000 annia
294 1945 344 2006 26.
364 1960 426 2000 non
450 1938 607 1998 duodecim
633 1939 706 1998 aelia
732 1941 902 2002 moderatur
931 1949 986 2001 eet.
1035 1939 1162 2017 Utrique

52 2029 149 2110 parti
173 2025 214 2083 de
231 2024 354 2084 victoria
375 2023 540 2084 decertanti
561 2025 643 2086 levet
668 2023 730 2084 MS.
759 2035 880 2102 textina,
910 2024 1064 2086 certiorem
1092 2023 1164 2084 licet
1178 2029 1214 2086 V.
1229 2031 1276 2090 ἢ

53 2114 207 2196 priorem
226 2110 399 2170 aaatentiarn
423 2118 588 2172 etteatatur.
638 2108 754 2170 Veritaa
771 2111 834 2172 eiua
854 2131 891 2171 ex
912 2110 998 2171 amria
1012 2109 1163 2189 aequentia

56 2194 181 2260 decimi
198 2193 296 2274 quinti
308 2195 385 2275 regia
399 2193 529 2256 eruitur:
552 2193 637 2254 euim
653 2195 710 2254 etei
723 2215 786 2256 non
801 2215 910 2257 nomen
924 2205 978 2256 aut
988 2195 1075 2275 regni
1089 2215 1161 2276 apa·-

57 2285 158 2357 tinm,
182 2288 236 2340 aut
256 2299 316 2360 qno
339 2280 444 2341 mundi
458 2299 537 2339 anno
558 2288 711 2358 sceptrum
732 2281 823 2342 suerit
837 2281 962 2362 adeptua
974 2301 1037 2342 non
1051 2280 1162 2361 expri-

58 2377 125 2428 mat
140 2365 206 2426 MS.
220 2385 295 2444 quae
313 2375 420 2426 cuncta
432 2366 557 2426 lacunae
570 2363 656 2424 hiatu
670 2363 892 2444 deeidarantnr,
912 2387 947 2426 ea
960 2375 1060 2426 tamon
1074 2365 1162 2445 igno·

57 2463 93 2512 tn
110 2460 289 2514 remanente
306 2451 383 2530 regia
397 2450 534 2527 nomine,
555 2447 613 2508 hac
628 2449 722 2508 altera
743 2451 928 2531 anperiorem
947 2459 1066 2510 tutante
1085 2471 1162 2510 con-

58 2539 182 2598 iectura
196 2537 379 2617 aupplemua.
421 2534 482 2612 dc,
503 2535 530 2594 ai
548 2534 649 2610 lubet,
671 2533 774 2594 demna
788 2536 936 2612 Scaligerc
957 2535 1039 2614 quod
1054 2544 1163 2615 poatu·

59 2623 123 2699 lat,
145 2631 183 2682 ut
194 2642 252 2702 pro
266 2641 325 2701 qua
337 2620 547 2682 contendinma
560 2620 717 2680 certiorem
737 2621 880 2680 saciemua
894 2617 1082 2699 opinionem
1102 2619 1160 2680 da-

59 2729 132 2769 mua
141 2751 152 2782 ,
173 2706 313 2787 inquam,
335 2705 491 2766 Chamoim
506 2725 586 2766 anno
600 2703 957 2784 naucratiticum
972 2705 1112 2784 potitum,
1131 2709 1163 2764 et

60 2794 101 2854 ad
121 2792 269 2872 Scaligeri
289 2802 397 2852 nutum
420 2790 505 2850 annia
524 2795 576 2858 26.
598 2809 633 2850 ea
655 2790 801 2868 tenuiore,
828 2791 866 2850 ad
884 2807 996 2850 annum
1017 2787 1161 2850 videlicet

60 2883 160 2946 8171.
175 2897 239 2958 quo
255 2897 323 2938 enm
339 2877 458 2958 excepit
471 2875 628 2936 Ammon:
647 2875 793 2936 Ameeiaea
807 2875 864 2936 iate
881 2874 968 2936 annia
982 2875 1035 2942 66.
1048 2893 1160 2952 ragna-

60 2963 129 3040 vit,
150 2983 188 3024 ac
203 2962 331 3042 proinde
352 2982 464 3024 annum
480 2963 574 3028 82³6.
596 2959 704 3040 attigit.
747 2961 865 3035 Quaero
879 2960 956 3043 iam,
977 2959 1092 3020 mediua
1107 2957 1160 3020 illa

60 3049 266 3110 innominatia
290 3057 363 3128 quot
377 3047 460 3128 regni
478 3065 573 3105 annca
601 3045 798 3125 araequeturl
824 3045 950 3107 Nulloal
978 3047 1047 3106 Non
1066 3043 1161 3124 igitur

61 3133 168 3194 extitit
188 3141 244 3192 aut
260 3133 406 3212 regnavit.
447 3129 595 3210 Aliquoa'l
620 3133 718 3192 Medio
733 3131 834 3212 itaqua
852 3130 1013 3192 dmcaiacm
1027 3132 1109 3192 inter
1130 3139 1162 3192 et

61 3219 157 3280 [laem
175 3217 350 3278 intervallo.
394 3217 435 3278 tt
450 3237 487 3277 ex
502 3215 656 3277 emendato
670 3217 812 3295 scaligeri
826 3217 942 3277 calculo
955 3215 1093 3278 Ameaiaia
1105 3235 1162 3276 an·

61 3306 95 3364 ni
114 3303 190 3364 Ueia
203 3303 240 3362 ab
255 3323 290 3364 eo
302 3303 427 3364 accendi
440 3301 624 3382 temporibm
636 3300 769 3364 haerent.
801 3301 924 3364 Nullum
937 3311 1010 3382 ergo
1029 3300 1163 3364 aextide-

63 3391 138 3450 cimi
160 3389 243 3468 regia
274 3387 415 3469 anonymi
439 3381 566 3468 imperio
594 3387 771 3448 conceditur
794 3387 940 3470 epatium,
967 3388 1050 3450 nulla
1079 3385 1164 3466 regni

63 3474 191 3536 duratio
204 3473 378 3556 imputatur.
419 3472 501 3534 llaec
515 3471 575 3532 fuit
587 3472 622 3532 in
636 3471 790 3534 Chamoim
811 3489 910 3554 regem
932 3471 1075 3553 Scaligeri
1091 3493 1166 3532 mu-

61 3559 240 3639 nificentia,
261 3569 299 3620 ut
310 3557 395 3638 regni
405 3564 457 3627 26.
470 3557 556 3618 annia
570 3559 732 3636 conceaaia,
752 3559 871 3620 nullum
890 3559 1092 3620 aextodecimo
1111 3576 1164 3618 re-

62 3645 236 3726 linqueret,
257 3644 310 3706 aed
329 3663 426 3725 neque
448 3643 548 3704 aolnm
571 3643 650 3706 diam
677 3643 852 3726 imperando
873 3645 1067 3728 permitteret.
1115 3641 1163 3700 Ex

63 3731 197 3792 adverae
211 3749 280 3791 cum
301 3729 469 3792 emendatio
489 3737 591 3789 nostra
606 3729 831 3809 quatuordecim
853 3751 947 3792 annoa
967 3729 1063 3790 eidem
1085 3724 1165 3786 nulli

63 3817 147 3878 lecta
162 3815 274 3878 iniuria
289 3814 419 3892 tribuat,
439 3833 496 3876 nec
508 3813 568 3878 tls,
584 3814 647 3876 vim
659 3815 783 3895 inferat,
805 3825 835 3878 et
849 3837 909 3898 que
928 3823 1014 3898 parte
1031 3807 1164 3872 neceaai-

62 3911 113 3960 taa
126 3901 245 3983 expetit
254 3899 453 3982 interpoletur
466 3907 579 3978 textus,
597 3900 801 3964 coniecturam
816 3911 950 3964 nonnam
964 3892 1165 3976 Scaligcriena

61 3985 213 4048 tutiorem
226 4005 385 4066 poaaumua
396 3986 555 4048 affirmare.

155 4077 268 4155 Toiyop
283 4067 419 4154 ἅμαχος]
439 4069 605 4152 Interpolat
619 4071 752 4150 Scaliger
772 4070 810 4132 de
830 4089 886 4130 tuo
900 4085 1060 4150 apennia.
1094 4067 1166 4127 Τοι-

62 4149 203 4240 γᾶραμος
217 4152 333 4238 ἄμαχος
341 4159 418 4241 χειρὶ
433 4155 452 4222 δ
466 4151 658 4240 ἑρμηνεύεται
676 4157 841 4238 Τίσανδρος
855 4155 906 4234 lon
922 4147 980 4218 σθ’.
1004 4150 1088 4230 Quid
1097 4159 1165 4232 egat

61 4243 104 4304 da
120 4262 199 4305 voce
212 4241 447 4348 mooeopupgl
468 4239 825 4342 ›tgriovitaaepacqopttqr
844 4239 974 4302 reacidit
994 4317 1002 4344 ἰ

149 4321 384 4412 mm]
404 4325 627 4410 siminorum
637 4325 769 4408 smper
780 4325 1028 4408 ebretramno·
