2888 4714
278 379 356 454 tob
656 379 1003 453 mffmnurlottts

279 545 316 606 ds
339 563 395 623 qna
420 539 535 602 Snidas.
583 539 627 600 lla
650 539 773 600 Homeri
791 547 927 617 tempore
947 538 1036 618 plura
1054 533 1201 626 Petaviaa
1225 539 1282 600 lib.
1296 546 1328 609 9.
1351 541 1386 604 ds
1437 529 1438 598 l

277 630 363 688 Doot.
384 627 486 707 Temp.
510 645 575 708 cap.
595 627 647 692 30.
673 633 817 684 exeunte:
839 623 969 684 Allatius
990 625 1122 704 plurima
1142 635 1215 684 toto
1236 647 1326 706 opere
1346 629 1385 688 de

277 713 375 777 Patria
391 711 525 772 Homeri.

324 855 328 860 .
360 793 448 860 Μειοὶ
465 791 502 858 soi
528 787 639 878 Τρολειδ
660 791 735 856 ἔτεσι
754 786 834 874 ρπ’.]
862 791 902 856 lt
921 811 985 851 non
1010 791 1197 882 Archippus,
1220 793 1276 854 sed
1294 793 1378 854 filins

275 881 458 961 Thersippus
471 891 548 940 tune
561 879 702 960 temporis
717 878 858 956 regnabat
873 897 911 936 ex
928 899 959 956 p.
978 879 1048 944 185.
1063 881 1099 938 Δ.

291 987 294 998 ’
359 967 430 1045 Peg.
452 969 523 1032 181.
546 960 713 1046 Καρχηδολν
727 961 909 1042 haurirem]
928 964 1005 1039 Ergo
1020 963 1104 1043 prius
1117 960 1259 1040 ἐπείσθης
1280 961 1377 1022 side-

275 1069 360 1112 mum
381 1051 551 1128 λιιειιτίσθη.
601 1049 757 1122 Quodnam
780 1047 859 1106 enim
884 1047 1052 1107 aedificium
1075 1047 1258 1124 absolvitur,
1285 1048 1373 1108 cuius

276 1157 340 1198 uon
358 1136 470 1196 fuerint
491 1135 577 1214 prins
593 1133 681 1191 initia
700 1131 819 1212 posita?
850 1133 905 1192 Per
922 1141 1022 1212 partes
1045 1141 1144 1208 certe,
1165 1152 1201 1190 ac
1222 1153 1375 1192 novorum

276 1221 316 1282 ad
334 1223 455 1300 antiqua
468 1217 668 1278 aedificiorum
684 1216 854 1276 accessione
872 1217 966 1277 crevit
983 1218 1093 1277 sensim
1112 1216 1276 1296 Carthago,
1297 1217 1376 1278 unde

275 1305 352 1367 varii
369 1305 431 1364 eius
452 1301 622 1361 conditores
642 1301 763 1360 crediti:
785 1311 933 1361 mutatum
951 1303 1038 1361 etiam
1049 1323 1181 1378 nomen,
1200 1323 1298 1362 novas
1315 1323 1371 1361 ae·-

274 1391 342 1465 des,
362 1406 442 1446 nora
454 1385 587 1462 moenia,
609 1405 706 1446 novos
718 1385 834 1445 incolas
847 1386 999 1467 prioribus
1011 1387 1201 1465 successisse,
1224 1388 1367 1467 loquitur.

272 1473 327 1536 His
342 1471 465 1531 adversa
477 1489 515 1530 ex
529 1470 665 1552 ipsorum
681 1472 842 1552 Tyriorum
858 1481 888 1532 et
905 1471 1023 1553 losephi
1042 1473 1168 1554 scriptia
1182 1473 1276 1554 paulo
1290 1473 1368 1533 inle-
1437 1483 1438 1546 ξ

271 1557 336 1620 rius
347 1564 561 1618 memorantur.

355 1637 443 1704 Κατὰ
459 1639 492 1702 δέ
506 1663 591 1715 τινας
602 1635 742 1722 ἤκμασε]
764 1632 1006 1722 ὓίοείοὍμρρος
1018 1640 1143 1703 excidit.

359 1729 408 1810 Τῷ
420 1719 470 1807 ιβ’.
487 1724 545 1788 ἔτει
557 1729 614 1806 τῆς
631 1727 782 1807 βασιλείας
801 1719 918 1803 raised]
946 1727 987 1785 At
1011 1745 1074 1786 non
1096 1725 1293 1800 inchoatum,
1315 1724 1368 1786 sed
1437 1787 1438 1798 ,

271 1811 438 1892 perfectum
458 1811 605 1890 templum
625 1831 703 1870 anno
726 1817 775 1878 12.
794 1809 918 1870 ineunte
933 1811 1079 1890 scriptum
1102 1812 1266 1872 aestimare
1281 1813 1369 1872 debs-
1437 1817 1438 1898 ζ

271 1915 339 1955 mus
358 1915 396 1954 ex
409 1895 463 1954 lib.
477 1899 506 1962 3.
526 1897 597 1974 lisg.
615 1915 678 1976 cap.
691 1900 721 1962 6.
739 1915 770 1954 v.
791 1895 847 1955 ult.
863 1895 936 1954 alias
955 1897 1178 1974 emendandus,
1198 1898 1249 1957 vel
1268 1897 1368 1977 potius
1437 1917 1438 1980 ρ

271 1979 310 2039 ad
331 1999 455 2060 pravam
471 1979 616 2040 Autboris
637 1991 765 2040 mentem
786 1987 886 2038 textus
901 1981 994 2058 magis
1015 2001 1050 2040 ao
1067 1983 1164 2062 magis
1180 1981 1366 2042 inliciendas.

271 2063 349 2125 Eum
364 2073 523 2144 sequutus,
544 2083 583 2124 na
599 2065 687 2144 plane
707 2064 839 2123 deseram
853 2064 928 2142 lego.
952 2062 1006 2128 τδν
1024 2071 1148 2149 πρῶτον
1165 2063 1242 2130 uuir
1262 2061 1370 2152 ᾥευδδ-

271 2169 367 2230 μησεν
381 2154 426 2236 τῷ
439 2143 475 2230 β.
493 2149 551 2213 ἔτει
564 2153 619 2228 τῆς
636 2149 796 2230 ’βασιλείας
816 2142 930 2210 acrisoni:
951 2149 988 2208 da
1008 2171 1066 2230 qua
1081 2151 1215 2211 lectione
1235 2163 1310 2212 nota
1321 2172 1371 2210 se-

271 2253 375 2312 quens.
417 2233 472 2293 His
485 2253 578 2313 porro
593 2235 741 2312 Scaligero
758 2233 865 2292 merito
882 2235 1113 2312 praetermissis,
1134 2239 1303 2316 sequentia.
1324 2229 1367 2300 ἐτ’
1437 2299 1438 2322 ρ

269 2313 369 2383 adseri
383 2311 589 2400 λιιροφήτευον
602 2325 796 2379 resumuntur
811 2337 876 2398 pag.
893 2320 944 2384 34.
1437 2357 1438 2410 ρ

353 2397 427 2466 'sind
443 2402 582 2484 δευτέρου
596 2403 680 2478 ἔτους
693 2407 748 2482 τῆς
760 2405 911 2484 βασιλείας
926 2396 1040 2480 αὐτοῦ]
1063 2401 1171 2481 Ignoto
1194 2405 1363 2486 Scripturas
1437 2415 1438 2482 ζ

267 2487 484 2570 interpretibus
508 2489 671 2570 exemplari
692 2487 835 2566 Georgius
855 2498 957 2547 noster
973 2507 1065 2561 usus,
1084 2509 1149 2548 uon
1172 2501 1281 2568 quarto
1298 2509 1363 2548 essm

267 2571 349 2654 illis,
371 2573 425 2633 sed
438 2593 517 2632 anno
531 2575 617 2652 regni
628 2573 758 2633 secundo
773 2573 877 2652 templi
892 2572 1086 2632 fundamenta
1101 2593 1118 2631 a
1133 2575 1296 2634 Salomone
1309 2596 1365 2654 po·

268 2659 325 2718 sita
340 2657 422 2718 solus
441 2657 522 2736 legit.
543 2655 705 2738 Σολομολν,
726 2659 843 2738 inquit,
866 2655 975 2740 ἤρξατο
994 2659 1105 2731 σιτίζειν
1133 2654 1198 2722 oissd
1228 2659 1366 2740 δευτέρου
1437 2685 1438 2724 3

269 2741 354 2819 ἔτους
368 2745 423 2824 τῆς
435 2743 588 2824 βασιλείας
598 2739 691 2806 nicasi
699 2761 708 2804 ε
725 2744 878 2822 quievero
894 2741 1108 2802 duodecimum
1121 2744 1271 2804 duntaxat
1280 2763 1364 2824 pras-
1437 2751 1438 2800 l

171 2823 204 2879 Ρ.
216 2823 253 2881 62
269 2837 433 2905 targressus
446 2828 530 2905 regni
546 2829 679 2908 suscepit
698 2827 999 2904 administrationem,
1020 2827 1154 2888 secundo
1176 2830 1260 2908 regni
1275 2829 1362 2886 eiua-
1437 2815 1438 2896 l

267 2911 334 2972 dem
349 2910 434 2969 iactis
450 2913 556 2992 templi
569 2912 779 2988 fundamentis,
797 2913 959 2990 eodemque
974 2913 1168 2994 septenuibua
1183 2914 1278 2994 operis
1293 2933 1364 2994 per·
1437 2911 1438 2978 l

265 2997 364 3071 fecto,
386 2993 467 3054 ritae
480 2995 622 3056 vicesimo
636 2996 832 3078 colophonem
845 2995 1003 3076 imposuit,
1025 2997 1152 3084 sisamoi
1167 2997 1198 3061 di
1210 3002 1267 3078 τῆς
1286 3002 1367 3078 ζωῆς
1437 2993 1438 3016 ’

266 3073 362 3143 miraei
381 3077 565 3160 ἐτελείωσεν,
587 3101 623 3140 ac
636 3082 679 3141 ita
694 3101 811 3141 sacrum
824 3083 903 3142 illud
917 3101 991 3162 opus
1003 3084 1086 3161 regni
1104 3095 1211 3144 octavo
1225 3084 1363 3158 absolvit,

263 3163 374 3240 idest,
396 3184 413 3223 a
433 3165 540 3237 mundi
558 3167 689 3228 exordiis
704 3167 797 3232 4478.
818 3186 887 3226 enm
905 3167 968 3247 ipse
988 3187 1112 3246 regnum
1133 3170 1252 3230 iniisset
1270 3170 1360 3234 4470
1437 3221 1438 3248 .

264 3247 346 3310 llaec
356 3249 415 3307 'illa
427 3260 472 3310 eat
487 3251 652 3312 celebribus
663 3252 793 3312 verbine
812 3252 939 3331 Georgia
952 3253 1050 3331 posita
1070 3253 1197 3334 epocha.
1218 3242 1358 3316 aloiuodv
1437 3253 1438 3318 l

265 3327 326 3396 sind
339 3325 450 3414 Ἀδολμ,
469 3332 574 3417 iacui.
591 3335 674 3412 ἔτους
690 3331 783 3400 uisuri
798 3335 847 3417 ἔτη
863 3331 963 3419 ,donni
993 3337 1075 3396 idem
1094 3339 1270 3418 marginalis
1286 3335 1358 3396 scri-
1437 3347 1438 3384 i

264 3426 357 3499 ptura
378 3419 597 3500 complectitur.
625 3421 751 3506 δευτέρῳ
768 3421 825 3484 ἔτει
841 3425 897 3500 τῆς
917 3423 1068 3503 βασιλείας
1083 3419 1217 3504 ἤρξατο,
1237 3421 1289 3488 sat
1301 3421 1359 3486 ἔτε-
1437 3419 1438 3426 ¹

264 3502 388 3566 λελοισεν
406 3507 461 3584 τῆς
477 3507 554 3582 ζωῆς
567 3500 661 3568 arisai
674 3507 799 3592 εἰκοστῷ
806 3553 814 3582 ,
835 3499 930 3590 ὀγδόῳ
945 3509 999 3586 τῆς
1014 3507 1176 3586 βασιλείας.

352 3585 438 3650 Komai
456 3585 488 3652 δὲ
503 3583 656 3669 Εὕαίβιον
668 3585 761 3675 Ιδροῖ]
783 3593 940 3657 &rentem
955 3591 1073 3650 Eusebii
1088 3593 1241 3657 miculnm
1255 3591 1356 3653 admit-
1437 3635 1438 3658 2

263 3670 303 3732 tit
323 3671 453 3751 Scaliger
473 3691 540 3753 pag.
559 3683 661 3733 textus
682 3675 789 3736 Euseb.
810 3674 863 3740 34.
911 3677 983 3734 Post
1002 3675 1151 3737 Abrabam
1176 3679 1259 3738 enim
1281 3695 1354 3737 anno
1437 3689 1438 3692 ’

134 3775 139 3786 ·
263 3756 371 3816 mundi
392 3757 486 3824 3184.
505 3767 608 3819 natum
629 3758 694 3818 aliis
712 3761 785 3826 984.
812 3759 924 3820 mactis
948 3761 1114 3820 Salomonis
1136 3774 1265 3842 quartus
1279 3761 1355 3842 apud
1437 3827 1438 3832 ἵ

262 3839 425 3902 Eusebium
436 3843 573 3904 Latinum
587 3843 735 3905 occurrite
755 3845 781 3904 is
797 3865 866 3924 ergo
881 3845 1018 3906 emundi
1031 3847 1156 3907 conditu
1170 3849 1265 3916 4168.
1277 3849 1355 3908 dun-

262 3932 347 3986 taxat
360 3930 571 3990 numerandus.

347 4009 415 4090 Peg·
431 4017 500 4079 182.
519 4014 666 4101 Ἑβραίων
679 4008 831 4097 ἆρχιερεδς
837 4007 887 4095 η’.]
902 4013 1032 4093 Scaliger
1040 4014 1199 4078 Animsdr.
1208 4035 1279 4096 pag.
1286 4016 1356 4083 255.

261 4091 390 4154 Eusebio
418 4096 572 4160 damnatos
607 4101 715 4175 Recte,
736 4100 849 4180 iuquit,
874 4099 1020 4179 Georgius
1044 4101 1141 4161 Sadoc
1161 4099 1356 4160 medecinam

252 4177 343 4250 facit
370 4179 410 4236 ab
430 4181 548 4243 Aaron.
598 4185 660 4246 Sed
684 4187 806 4260 vitiose,
828 4183 945 4260 subdit,
973 4187 1079 4244 seriem
1098 4189 1264 4266 iraterrups't
1286 4197 1357 4267 post

264 4257 345 4318 Οττί.
387 4263 477 4325 Recte
489 4270 620 4349 quidem,
642 4271 668 4330 si
680 4269 785 4329 seriem
797 4277 909 4328 rectam
923 4268 1078 4348 intelligat.
1111 4270 1286 4350 Subiungit.
1310 4271 1352 4329 Ae

260 4355 386 4399 σνεεειιι
403 4359 448 4404 eet
472 4371 556 4412 error
568 4357 741 4416 ἰἰιιιιιιόοειε
759 4355 810 4415 loia
829 4353 1018 4433 effluam,
1043 4357 1100 4435 qui
1122 4366 1190 4416 erut
1211 4355 1251 4416 ds
1269 4353 1351 4436 plebe
1437 4405 1438 4410 ,
