2860 4714
307 381 384 454 888
679 375 1034 448 EMENDATIONES

311 545 416 608 elesius
430 541 496 602 osni
512 545 699 600 consuetum.
744 531 877 622 Χριστὸς
897 530 1008 617 sisium
1023 534 1057 602 ts
1069 539 1189 635 νεκρῶρ
1202 535 1315 626 θννᾶτρ
1331 537 1377 604 ti·

309 621 571 708 emerentiane,
595 625 648 688 ssd
661 629 726 697 τοῖς
741 621 774 686 ἐν
790 618 926 704 μνήμασι
942 619 1022 702 ζωὴν
1036 619 1240 704 χαρισάμενος.

294 767 298 776 ,
395 715 462 792 Peg.
472 717 502 780 3.
510 708 712 774 Ὀνννκοσίων
724 705 780 770 deis
789 709 882 782 ἐτῶν]
896 704 947 784 Tei,
956 703 1023 784 δύο,
1031 709 1198 768 redundet:
1219 713 1376 772 necinsum-

310 821 360 861 ms
377 798 505 860 subinde
522 795 688 874 colligendo
705 792 841 855 binarius
856 795 1022 854 rotundum
1035 813 1197 854 numerum
1210 806 1349 878 exsuperet

394 877 590 955 ’Ivdssriuvoc
613 875 755 963 nomene]
783 879 993 941 Revolrendee
1016 879 1128 958 iugiter
1153 899 1289 944 sonorum
1304 887 1377 960 quin-

311 969 428 1046 decim,
449 969 513 1028 sive
527 967 730 1026 indictionum
747 965 881 1044 periodi,
902 965 1000 1046 primo
1015 964 1112 1044 grsdu
1126 965 1164 1022 sb
1179 987 1252 1028 suno
1265 989 1279 1026 s
1294 963 1375 1025 nundi

312 1053 441 1115 conditu
452 1053 546 1119 5460.
559 1071 635 1131 quse
649 1047 792 1110 duthoris
806 1071 890 1110 mens
902 1059 948 1110 est
959 1071 1026 1130 pog.
1042 1054 1115 1116 305.
1128 1051 1162 1109 Β.
1175 1053 1300 1126 deducto,
1317 1069 1375 1108 mne

312 1139 506 1222 postmodum
524 1141 619 1204 6800.
634 1135 686 1214 qui
702 1134 815 1194 Christi
830 1141 902 1202 800.
920 1145 980 1208 est,
1002 1135 1181 1196 indictionis
1196 1134 1376 1218 repetitaepri-

312 1245 381 1285 mus
397 1243 494 1284 onnus
518 1221 667 1282 occurrit:
689 1219 775 1298 isque
796 1229 841 1280 est
859 1221 982 1298 Georgii
1003 1223 1083 1281 circs
1099 1221 1273 1284 indictiones
1289 1239 1375 1286 nume,

312 1310 400 1369 iuxts
422 1327 510 1388 quem
534 1305 648 1366 Christi
664 1305 836 1380 noscentis,
866 1315 897 1365 et
916 1307 1024 1366 mundi
1043 1327 1124 1366 enno
1144 1309 1236 1374 6500.
1251 1305 1375 1365 undecim

314 1393 419 1455 debuit
433 1389 588 1465 exordiri,
608 1399 645 1450 ut
658 1389 788 1449 evolutio
804 1390 841 1449 eh
859 1409 893 1449 es
907 1391 994 1450 ennis
1009 1393 1081 1457 800.
1096 1391 1197 1472 prims
1214 1411 1300 1453 rursus
1313 1387 1374 1448 offe-

312 1488 362 1540 ret
376 1497 409 1538 se
432 1476 657 1536 numerandum.
701 1475 777 1534 Cum
795 1495 869 1536 ‚vero
889 1477 1065 1536 Latinorum
1091 1487 1124 1536 et
1145 1477 1317 1538 Orientdiun
1332 1491 1375 1550 per

313 1561 493 1622 indictiones
510 1561 636 1640 putendi
650 1561 819 1620 communis
835 1581 869 1620 es
883 1562 925 1620 sit
940 1561 1149 1637 consuetudo,
1170 1573 1295 1623 utonnus
1305 1557 1375 1617 Chri-

314 1649 354 1709 sti
374 1657 445 1708 ortu
464 1655 656 1707 consecratus
670 1645 760 1705 tertis
778 1647 988 1724 consignetur,
1011 1649 1065 1726 qui
1080 1649 1120 1706 sb
1138 1669 1173 1708 eo
1192 1648 1310 1728 seqnitur
1320 1647 1374 1708 800.

315 1743 439 1794 octerse
459 1733 591 1812 postulet
604 1731 824 1792 ohemotsreme
848 1752 887 1792 ex
901 1753 961 1812 quo
980 1731 1094 1792 Christi
1111 1735 1236 1794 natalem
1251 1748 1340 1790 sonum
1352 1726 1376 1782 in

315 1817 452 1899 computi
466 1817 572 1876 Graeci
591 1815 684 1884 6493.
700 1816 801 1895 potius
816 1837 905 1894 quem
920 1817 953 1876 in
968 1818 1060 1884 5500.
1077 1820 1273 1899 reponendum
1286 1811 1376 1874 consul-

314 1903 428 1964 tissime
440 1902 626 1962 demonstrst
639 1901 777 1961 Petsvius
791 1902 842 1966 lib.
855 1907 885 1969 9.
900 1902 938 1962 ds
953 1903 1037 1962 Doot.
1049 1904 1154 1984 Temp.
1171 1926 1231 1986 cop.
1244 1907 1270 1968 0
1283 1909 1374 1973 etssqq·

314 1987 471 2050 videndus
498 1987 578 2046 idem
597 1987 780 2066 Temporum
804 1987 919 2047 Doctor
939 1987 992 2046 lib.
1011 1987 1048 2049 11.
1069 2009 1141 2070 cop.
1162 1993 1212 2056 39.
1233 1983 1374 2050 edesium,

315 2083 346 2134 et
361 2073 519 2134 Verianum
535 2072 650 2130 dissert.
663 2071 715 2133 lib.
730 2075 760 2136 8.
777 2071 816 2130 ed
834 2071 1066 2148 Auctariumsde
1085 2076 1172 2136 Doct.
1184 2075 1275 2154 Temp.
1286 2068 1375 2130 suen.

316 2159 374 2218 dus
389 2157 501 2237 pariter
516 2155 643 2214 dilutius
660 2155 709 2214 vir
722 2155 805 2214 omni
817 2157 973 2236 praeclare
984 2159 1156 2220 eruditione
1167 2150 1375 2220 commendandus

314 2243 348 2304 iu
362 2241 565 2302 indictionum
581 2259 650 2299 cum
663 2239 775 2298 Christi
791 2249 821 2298 et
835 2241 943 2300 mundi
957 2243 1044 2303 ennis
1061 2245 1235 2320 concordis,
1254 2233 1375 2320 Oput⁰t¹¹⁰

315 2327 459 2388 nimirum
479 2325 518 2384 sd
539 2323 622 2384 eliud
646 2323 684 2384 de
704 2325 867 2385 Dominicis
887 2335 919 2386 et
939 2325 1177 2390 hebdomadibus
1196 2329 1312 2399 adiecto,
1332 2337 1374 2398 qu⁰

315 2413 389 2474 licet
409 2409 519 2470 Christi
542 2409 674 2472 natalem
696 2409 803 2470 Graeci
822 2409 886 2472 sive
910 2397 965 2476 ht.
989 2415 1129 2493 computi
1152 2435 1227 2474 suno
1246 2413 1324 2478 550⁸.
1342 2423 1375 2462 ⁸⁰·

317 2497 399 2558 cium
415 2497 573 2574 adiunget:
596 2493 696 2576 quood
709 2495 893 2556 indictiones
908 2495 1013 2557 eodem
1028 2499 1125 2566 6508.
1138 2499 1187 2562 vel
1198 2498 1281 2566 5494.
1296 2497 1375 2552 noue

315 2584 426 2646 rsudes
440 2603 472 2642 se
487 2601 550 2642 nou
566 2579 724 2640 dissentire
737 2581 879 2640 declaret

320 2723 324 2730 .
403 2665 597 2750 Kexuptuosd
620 2665 678 2726 Per
687 2667 776 2724 inune
794 2665 941 2726 diffusum
952 2673 983 2726 et
997 2675 1171 2743 extensum,
1190 2683 1249 2726 non
1258 2653 1374 2754 erlucih

316 2751 1179 2916 0Γᾶἷὲ’.ἷέὲῖἔῖὲῇἱῖἑὶῗῖἒῗ..ῗὲῗίἴῷἒῖἳῗεῖ
1191 2753 1374 2917 {titt-¹:⁰35:

319 2925 452 2984 cessione
469 2923 613 2983 horarum
630 2922 680 2988 24.
696 2921 793 3001 spatio
813 2922 979 2982 metiuntur
992 2923 1182 2999 Astronomi‚
1202 2927 1250 2979 rut
1266 2931 1334 2993 quem
1344 2907 1374 2964 h-

317 3029 374 3068 neu
391 3007 570 3068 succedente
590 3001 807 3088 πρωνὸντισνον
821 3000 1017 3088 νυχθήμερον
1036 3007 1157 3068 Author
1178 3005 1239 3086 ipse
1258 3018 1309 3059 11⁰⁰
1319 3012 1373 3086 12¹⁰:

317 3093 386 3174 prie
406 3091 537 3154 vocavit.
582 3091 692 3174 (Quele
707 3091 818 3150 etenim
835 3085 1030 3174 νυχθήμερον
1052 3093 1135 3171 quod
1154 3091 1232 3151 nulls
1247 3093 1319 3145 nocte
1331 3079 1372 3137 sut

319 3185 496 3258 exceptum,
522 3185 575 3236 sut
597 3175 679 3256 quod
694 3195 759 3236 nox
778 3177 863 3237 nulls
883 3177 1069 3258 prsecessiti
1097 3177 1193 3251 Quole
1207 3164 1371 3252 ,ννχθνίμενῦή

318 3265 462 3344 inquom,
491 3261 556 3340 cui,
585 3261 723 3322 nondum
741 3262 805 3322 sole
824 3263 875 3322 vel
895 3271 981 3322 motu
1004 3263 1105 3339 edito,
1133 3282 1189 3321 neo
1210 3259 1288 3317 home
1305 3265 1371 3330 pem,

318 3367 377 3408 nec
390 3347 472 3406 horis
489 3347 763 3427 spatiumsequele
781 3347 885 3426 putori
904 3345 1017 3428 potest)
1034 3349 1087 3408 sed
1108 3367 1195 3427 quem
1209 3328 1371 3424 canitie·
1391 3339 1392 3342 ¹

319 3454 378 3516 ραν
390 3431 533 3492 Africsno
546 3432 721 3512 adscripsit,
745 3452 833 3512 quem
844 3453 907 3493 non
922 3431 1007 3508 ficte,
1029 3433 1083 3493 sed
1098 3431 1189 3491 enimi
1202 3445 1279 3488 sensu
1296 3433 1370 3511 00an-

319 3517 465 3600 piendum
485 3517 542 3576 lux
559 3517 625 3598 ipse
643 3527 863 3598 repraesentet,
883 3519 940 3578 lux
955 3517 1066 3595 efficit,
1086 3526 1116 3577 et
1132 3517 1181 3576 cni
1199 3511 1308 3589 denique
1319 3501 1369 3560 shut
1390 3577 1391 3592 ρ

319 3621 408 3685 peres
426 3601 503 3662 duos
526 3603 641 3680 gemine
663 3603 720 3662 Dei
739 3623 846 3683 opere,
869 3604 982 3662 editum
1002 3622 1110 3683 nempe
1129 3602 1334 3662 firmamentum,
1348 3589 1369 3638 ⁹¹
1390 3593 1391 3607 ¹

320 3689 386 3748 eius
408 3688 445 3749 sb
465 3687 550 3772 uqttis
574 3707 703 3769 superne
722 3697 753 3748 et
774 3687 891 3748 inferne
912 3689 1021 3769 positis
1043 3687 1212 3757 dissidium,
1231 3687 1368 3757 conpesce·

319 3783 404 3837 runt.
445 3773 493 3834 An
508 3793 572 3836 non
585 3773 641 3834 lux
653 3773 721 3854 ipss
735 3773 815 3852 dies,
837 3783 868 3834 et
882 3775 933 3853 qui
946 3775 1045 3834 lucem
1063 3773 1162 3849 videt,
1185 3769 1256 3828 diem
1273 3769 1366 3850 csrnfffs
1389 3797 1390 3861 ρ

322 3859 499 3921 asserimus?
521 3859 569 3920 dn
580 3879 642 3919 uon
655 3879 732 3940 opus
745 3859 877 3918 secundo
893 3860 1007 3919 editum
1022 3881 1040 3918 e
1055 3860 1131 3928 Deo,
1152 3865 1185 3917 ut
1197 3854 1227 3914 in
1238 3853 1315 3912 lucem
1325 3853 1366 3896 ¹³³¹

320 3945 476 4005 conditum
487 3945 668 4024 productum
679 3955 734 4018 est,
746 3943 823 4004 diem
836 3943 891 4004 sibi
905 3945 1043 4025 primum,
1057 3955 1087 4004 et
1099 3941 1175 4003 lucis
1187 3934 1321 3998 semndun
1329 3939 1365 4015 νᾳ·
1388 3987 1389 3992 ,

320 4049 437 4090 merore
448 4029 545 4089 dedit:
559 4039 589 4090 et
601 4049 677 4111 opus
683 4031 806 4090 tertium
814 4029 926 4112 puriter
935 4031 1035 4089 lucem
1041 4026 1157 4091 tertium
1165 4017 1364 4088 constitnitsqfflt

320 4115 447 4174 tertium
459 4135 476 4173 ι
486 4114 555 4174 luce
565 4115 597 4173 in
609 4135 711 4176 rerum
722 4116 855 4176 omnium
869 4115 994 4175 conditu
1005 4115 1101 4175 tenuit
1112 4115 1226 4174 locumt
1245 4107 1317 4166 [tecte
1325 4093 1364 4184 Et*

322 4198 421 4258 sebius
435 4199 470 4258 in
484 4197 656 4260 Chronioon
668 4201 802 4262 exordio.
845 4203 911 4260 Hic
922 4199 987 4259 dies
1000 4203 1123 4282 prims
1139 4193 1245 4256 scendi
1256 4205 1305 4246 ”⁰²¹
1314 4193 1363 4258 Ρη·
1387 4199 1388 4238 3

323 4299 394 4340 mus
406 4281 526 4342 dierum
540 4287 693 4343 omnium:
715 4284 843 4367 ideoque
857 4307 917 4346 non
928 4289 1062 4366 primus,
1085 4282 1139 4344 ssd
1148 4301 1224 4342 unse
1234 4269 1362 4336 „omnam

324 4373 378 4426 set.
412 4365 452 4426 Et
467 4367 561 4428 inires
586 4371 707 4449 Quarto
725 4369 881 4450 disfacta
897 4384 970 4433 sunt
993 4371 1161 4432 &munnio
1176 4363 1230 4426 duo
1245 4353 1362 4434 ΜΝ

1384 4655 1386 4693 ν
