2888 4714
434 331 494 402 ET
513 331 868 408 ANNOTA'I'IONES.
1123 329 1196 406 4⁷1

183 483 334 570 ursinos
349 483 384 552 ei
398 483 629 574 &passionei
649 491 880 574 Antiquissima
897 495 1030 578 scriptor
1046 501 1077 560 et
1098 497 1198 563 mem

104 571 252 636 (inuuunt
269 595 417 636 annorum
432 577 577 638 centuriis
597 587 627 638 et
639 577 778 639 nonnihil
789 580 915 662 emplius
927 582 1023 642 llosna
1038 585 1198 666 posterior,

98 657 138 717 cle
154 659 251 739 ipsius
264 661 376 720 Romae
390 661 515 722 conditu
527 670 558 722 et
569 671 716 723 vetustata
728 667 880 727 nauscit.
913 666 938 725 A
951 667 1094 748 Diodoro,
1115 671 1197 732 Peu-

95 743 199 820 sania,
226 744 371 826 Iosepho,
401 745 506 824 quibus
526 745 604 809 eddo
627 747 807 809 Clementem
833 751 1087 834 Alexandrinum,
1114 756 1196 838 opud

95 827 240 889 vossium
256 831 367 890 citetur
387 829 439 891 lib.
457 829 488 896 4.

186 911 335 998 Τίμαιος]
357 915 406 974 Ex
425 913 542 974 duobus
564 915 696 974 nominis
711 913 800 976 huius
814 915 989 1000 Hiatom'cis,
1011 921 1061 983 hie
1082 943 1194 985 secun-

92 998 156 1060 dus
171 1008 233 1076 cat,
251 1001 332 1080 opud
347 999 485 1074 Suidsm,
507 999 730 1076 Tauromenios,
747 1021 850 1062 rerum
864 1003 1032 1066 Italicarum
1045 1016 1075 1067 et
1088 1009 1194 1089 Olym-

91 1083 237 1163 picsrum
259 1085 399 1164 scriptor.
446 1083 582 1144 Eundem
600 1093 746 1145 memoret
765 1087 873 1147 Strabo
896 1087 948 1148 lib.
970 1089 1000 1155 4.
1025 1111 1088 1172 cop.
1110 1099 1142 1160 6.
1161 1103 1193 1154 et

93 1167 294 1250 Theopompo
309 1167 408 1248 quood
421 1169 536 1229 subules
552 1179 582 1230 et
595 1169 754 1230 maledicte
772 1182 925 1252 comperet
940 1175 1042 1236 stetim
1054 1175 1109 1236 sub
1123 1197 1193 1240 mu·

90 1253 176 1315 tileti
195 1253 247 1315 lib.
262 1259 289 1320 1.
305 1256 415 1314 Suom.
431 1253 558 1318 initium.
590 1255 658 1314 Alie
672 1256 797 1317 Vossius
815 1257 869 1318 lib.
886 1263 915 1325 1.

178 1333 313 1412 Λεύκιος
325 1336 358 1400 sil
371 1337 537 1419 Elysium]
560 1338 621 1416 Qui
636 1341 721 1402 Livio
736 1341 848 1406 Lucius
864 1342 991 1423 Cintius,
1014 1363 1117 1408 renum
1129 1346 1194 1408 Ro·

89 1441 254 1484 munerum
268 1422 400 1504 scriptor
412 1431 557 1485 vetustus.

183 1501 301 1588 Φάβιος
315 1505 348 1570 (il
367 1507 525 1588 Κοΐντος.]
555 1507 661 1582 Quinti
682 1508 765 1568 Fabii
785 1509 926 1592 Pictoris,
947 1512 1052 1576 Mucii
1074 1533 1193 1596 quoque

87 1591 195 1738 Porcdii
218 1593 340 1689 (latonia
358 1593 560 1654 Romanarum
579 1593 737 1674 Om'ginum
758 1595 870 1676 libelli,
897 1598 950 1680 qui
971 1619 1054 1660 nunc
1075 1609 1191 1675 extent,

87 1697 161 1738 men
183 1697 251 1736 scio
270 1677 345 1738 noti.

176 1779 246 1855 Peg·
268 1777 341 1845 194.
359 1771 551 1860 Ἐκτισμὲνης
572 1775 605 1841 δὲ
626 1782 681 1860 τῆς
699 1774 843 1872 πόλεως]
872 1781 919 1844 Ex
942 1781 1067 1844 Diodori
1086 1783 1190 1868 Siculi,
1228 1827 1235 1840 .

89 1862 178 1923 cuius
191 1861 265 1922 hoec
284 1862 419 1924 ineditis
434 1883 498 1924 non
512 1872 736 1962 extantvmente.
1273 1879 1279 1896 ‘

182 1959 296 2044 Φάβιος
310 1964 330 2030 o‘
343 1961 396 2038 scic
406 1963 558 2046 Ῥωμαίων
570 1961 692 2044 πράξεις
700 1960 905 2050 ἆναγράψας.]
924 1967 991 2029 Non
1002 1969 1189 2030 extnnthuec

93 2046 180 2126 spusl
200 2047 270 2109 Feb.
317 2050 465 2126 Quintum
492 2050 641 2110 Pictorem
664 2051 855 2132 Annianum,
882 2063 911 2113 et
934 2063 1053 2136 praeter
1073 2063 1189 2116 coetero

91 2130 266 2192 mendacem
281 2141 309 2194 et
323 2133 549 2216 supposititium
563 2145 702 2214 unguunt.

177 2234 247 2312 Peg·
269 2237 339 2305 195.
365 2239 430 2300 Τοῦ
444 2234 477 2299 δὲ
491 2231 606 2318 κόσμου
621 2230 746 2320 ,cipum
778 2237 916 2301 Amulius
943 2258 1068 2319 regnum
1087 2237 1188 2302 tenuit
1226 2255 1230 2260 '

89 2317 179 2378 annis
193 2324 247 2388 23.
263 2341 280 2379 n
294 2321 416 2384 condito
431 2321 574 2382 videlicet
585 2323 655 2382 orbe
671 2322 763 2390 4717.
778 2325 817 2386 ae
831 2325 924 2392 4740.
944 2345 1033 2404 quem
1046 2323 1187 2384 Numitor

88 2405 215 2466 stetrem
230 2406 383 2488 excipiens
401 2406 487 2465 ennia
501 2405 617 2466 duobus
631 2405 787 2485 regnavile
816 2411 979 2491 Νομίτωρ,
1001 2403 1044 2482 o'ie
1059 2429 1118 2474 usus
1136 2409 1188 2472 os-

87 2495 154 2562 κεῖ,
175 2489 225 2570 ἔτη
240 2484 297 2556 δύο
313 2488 385 2570 μετὰ
400 2484 557 2569 Ἀμοόλιον
574 2489 659 2562 ἰδίως
671 2511 761 2570 supro
780 2497 895 2572 p.192.
910 2491 946 2552 Α.
969 2493 1102 2572 adeoque
1119 2493 1186 2554 Ro·

88 2575 190 2634 mulua
205 2595 284 2634 enno
300 2576 394 2642 4742.
407 2575 534 2636 Romani
550 2573 668 2656 imperii
681 2573 785 2655 posuit
800 2573 1002 2636 fundumente.

175 2671 263 2739 Kosoi
275 2673 331 2757 esis
344 2670 474 2758 ἑβδόμην
488 2669 702 2756 mumdum]
731 2675 835 2758 Coepit
859 2676 1014 2757 Olympios
1031 2676 1129 2756 prims
1144 2693 1184 2743 ex

87 2757 232 2822 luthorio
249 2761 380 2839 calculo,
402 2771 432 2822 et
445 2769 480 2822 ut
494 2761 617 2821 inferius
636 2759 837 2838 declaremus,
861 2781 941 2820 enno
966 2761 1074 2820 muudi
1088 2761 1180 2828 4726.

87 2866 184 2926 equo
203 2847 328 2927 septime
345 2845 492 2927 complete
506 2845 612 2906 mundi
630 2845 721 2912 4754.
746 2845 882 2924 attingit,
904 2845 970 2906 Hoc
989 2843 1083 2914 4754.
1104 2863 1183 2926 peu-

87 2931 203 3010 spicnis
218 2942 248 2990 et
264 2931 410 3012 expressis
425 2930 523 2992 verbis
538 2932 649 2990 Romae
662 2931 815 2990 conditum
833 2929 951 2992 Author
965 2931 1106 3008 assignat,
1126 2949 1182 2990 se-

86 3016 201 3096 ptimae
223 3015 408 3096 Olympiadis
426 3035 504 3076 enno
524 3024 630 3096 querlo
655 3025 798 3094 exeunte,
819 3015 957 3078 Romulei
982 3015 1066 3096 regni
1089 3014 1181 3076 lertio

87 3101 207 3162 declino
224 3102 336 3182 puriter
350 3100 521 3181 incipiente.

161 3197 250 3276 Ἥτις
269 3208 333 3277 τοῖς
354 3198 470 3284 χρόνοις
481 3197 576 3282 ”Am
594 3197 766 3282 παρίκει]
790 3199 1126 3280 Obtinuitilleregnum
1141 3197 1179 3259 ela

86 3285 161 3348 orbe
174 3297 273 3348 cresto
288 3307 366 3348 enno
376 3288 468 3354 4760.
490 3286 595 3347 Annus
609 3305 700 3367 porro
716 3285 820 3346 mundi
831 3285 925 3354 4752.
940 3285 992 3368 qui
1003 3285 1104 3346 slohun
1117 3294 1180 3345 ter·

85 3372 167 3449 lius,
188 3373 394 3454 Olympiadem
416 3381 551 3432 octonem
575 3370 710 3430 nondum
732 3369 868 3450 attingit,
891 3371 943 3431 sed
961 3371 1104 3454 septimae
1120 3389 1179 3429 un·-

86 3477 162 3518 num
175 3459 340 3518 secundum
354 3465 527 3534 exeuntem,
549 3465 578 3516 et
589 3455 795 3516 succedentem
813 3456 953 3516 tertium:
976 3475 1068 3537 quere
1085 3453 1179 3518 verbs

85 3542 162 3618 iste,
180 3537 219 3624 ἦ,
240 3539 283 3618 ὅς
294 3565 387 3620 τινες,
408 3537 484 3605 susi
500 3537 557 3622 τὴν
576 3533 700 3621 ὀγδόην,
720 3539 891 3622 perenthesi
904 3541 1120 3616 includuntur,
1141 3545 1179 3598 ut

86 3627 241 3706 sequentis
260 3623 327 3706 ἥτις
346 3633 409 3700 τοῖς
428 3619 549 3708 χρόνοις
558 3622 650 3704 ’Ἄχας
665 3624 829 3706 συντρέχει,
850 3625 890 3685 ad
902 3624 1109 3708 praecedentis
1122 3645 1177 3684 sso-
1294 3625 1300 3636 '

87 3709 125 3773 soi
136 3708 195 3792 τήν
208 3707 342 3793 ἑβδόμην
352 3704 539 3792 Ὀλυμπιάδα
552 3709 657 3770 reterri
675 3709 805 3792 possint,
827 3720 857 3772 et
878 3711 991 3791 puriter
1008 3709 1047 3768 ud
1064 3724 1177 3766 annum

86 3795 188 3858 Achsu
203 3801 235 3864 8.
254 3807 283 3857 et
299 3819 316 3856 a
330 3795 434 3856 mundi
448 3795 574 3858 conditu
587 3795 680 3862 4752.
701 3795 760 3857 nisi
776 3797 854 3855 sonte
873 3788 979 3876 ,ὅψνᾶ
995 3811 1053 3872 quo
1066 3791 1177 3870 Olym-

86 3881 152 3962 pios
168 3887 199 3948 8.
212 3883 298 3959 iniit,
317 3879 524 3961 reponendum
538 3879 696 3944 decernsss
718 3879 801 3960 quod
819 3877 893 3938 mihi
908 3875 1099 3940 venisimilius
1117 3895 1176 3955 sp-
1188 3884 1220 3944 Ρ,
1235 3883 1273 3944 54

86 3975 182 4048 paret.
224 3967 270 4026 Ex
293 3985 397 4027 eorum
414 3985 506 4046 porro
527 3965 667 4040 calculis,
690 3966 741 4044 qui
761 3961 924 4025 Numitoris
944 3981 1038 4020 ennoa
1051 3962 1175 4021 noluere

86 4061 157 4132 post
175 4049 286 4110 Amulii
299 4068 421 4129 reguum
435 4049 612 4120 recensitos,
634 4049 755 4110 Romuli
774 4066 898 4126 regnum
918 4045 996 4107 binis
1010 4045 1094 4105 enuis
1109 4065 1175 4125 po-

86 4138 146 4198 tuit
158 4135 299 4196 incaestus
312 4135 429 4196 Author
439 4135 640 4211 antevertissc,
658 4143 688 4194 et
702 4135 827 4192 Romam
839 4130 975 4209 subinde,
988 4149 1050 4190 non
1064 4122 1174 4216 ,luvel

87 4221 138 4284 sed
154 4215 264 4308 ,6sz
279 4221 432 4281 conditum
449 4229 567 4280 erronte
580 4220 660 4298 stylo
673 4215 786 4278 essum.

172 4304 236 4370 Καὶ
247 4309 290 4394 τῷ
303 4299 424 4392 ,luivid
444 4304 607 4364 Numerum
623 4303 707 4362 huuc
727 4299 854 4380 requirit
871 4309 972 4364 textus
994 4301 1174 4376 emendatus,
