2960 4716
470 328 476 337 '
564 363 816 440 rumorum.
1159 363 1211 440 ee

168 583 173 592 ,
190 517 368 584 Guunicoo
377 518 617 587 ssumdriuum
629 521 711 586 baud
722 523 832 590 lectum
846 525 972 606 Georgic
985 527 1135 607 syncello,
1150 550 1207 594 nec

116 603 210 666 Plotio
228 616 455 685 memoratum,
477 608 581 670 eetetie
605 629 696 690 peuce
707 631 756 672 me
778 631 840 678 uon
860 621 905 674 eet
927 611 1072 676 indubiae.
1115 615 1207 688 Quod

114 691 188 750 nim
209 691 249 752 ad
271 687 413 752 Heraclii
431 700 637 773 tempeetatem
664 693 841 774 profiteatur
860 695 1022 760 Historiam
1047 697 1205 778 deducere,

113 777 239 838 mctmie
252 777 371 858 pariter
394 785 426 840 et
446 777 562 840 librarii
585 780 786 844 testimonium
812 801 875 844 eaeo
900 792 1016 864 poteet,
1047 783 1099 862 qui
1129 805 1205 864 opue

112 861 237 924 tortam
253 863 396 924 nondum
414 862 583 926 abaolutum
599 875 706 928 nactur
722 865 754 926 in
774 866 903 928 Herculii
923 889 1016 930 eunoe
1038 867 1099 928 eiue
1115 868 1205 932 finem

114 947 265 1024 incidere,
285 968 350 1008 uon
368 955 522 1012 ructorem
536 949 647 1012 vixieee
662 959 808 1014 teetatur:
829 961 922 1031 prout
934 973 996 1016 nou
1008 950 1140 1014 ebeimili
1153 955 1203 1016 lo·

114 1031 226 1110 qumdi
246 1053 347 1108 more,
367 1051 429 1112 quo
447 1033 533 1097 eunio
550 1035 715 1116 quingentis
731 1038 926 1118 posteriorem
949 1037 1107 1114 Georgium
1125 1040 1205 1117 Syn-

116 1117 240 1194 cunm,
260 1111 323 1182 tul
344 1111 440 1198 Ἀὄᾶμ
456 1117 539 1200 μέχρι
554 1123 611 1184 roei
624 1125 861 1202 attentemus,
882 1121 920 1184 ed
936 1121 1108 1184 Diocletiani
1121 1123 1204 1202 prin-

116 1202 190 1282 cipie
202 1203 361 1282 imperium
376 1199 649 1286 chronographiam
661 1207 849 1268 continueeee
859 1207 999 1268 libreriue
1019 1216 1120 1268 noeter
1129 1207 1204 1268 ocri.

115 1294 203 1366 ptum
222 1287 257 1346 in
271 1287 361 1350 titulo
382 1285 521 1366 reliquit:
549 1292 738 1369 qumtumvia
760 1293 839 1354 circe
863 1292 997 1356 dubium.
1010 1309 1067 1352 nec
1082 1300 1205 1352 eenten·

115 1373 194 1432 tiam
219 1391 259 1431 ex
276 1371 416 1432 tnbuneli
436 1375 653 1453 pronunciere,
678 1396 733 1438 noc
751 1377 835 1438 litem
860 1397 981 1440 movere
1000 1375 1109 1458 placet.
1157 1376 1204 1452 Ad

120 1455 280 1533 Georgium
290 1457 387 1535 iprum
403 1457 509 1536 venio,
531 1459 570 1520 de
584 1460 671 1520 cuiue
681 1481 822 1540 perrone,
843 1479 947 1541 opere,
970 1459 1121 1524 rcribeudi
1134 1457 1204 1540 fine,

117 1541 196 1602 libro
211 1540 273 1602 bis.
288 1551 319 1605 et
337 1541 475 1604 veraioue
487 1563 526 1604 ex
540 1545 735 1625 interpretum
748 1565 832 1608 more
845 1546 919 1606 mibi
931 1545 1135 1627 praetundunt.

200 1626 345 1702 Georgiue
375 1639 572 1706 cognomento
597 1631 753 1709 syncellue
774 1649 879 1710 genere
900 1640 930 1692 et
954 1631 1050 1710 petria
1072 1629 1204 1708 ignotue,

116 1711 245 1772 sortunie
259 1720 290 1772 et
302 1709 410 1772 muudi
424 1712 566 1790 dignitate
581 1715 706 1797 dubim,
727 1735 761 1778 ca
778 1735 866 1796 quam
877 1715 991 1776 meritie
1003 1725 1032 1774 et
1044 1713 1204 1776 virtutibua

114 1796 148 1856 in
158 1795 296 1856 -Eccleeie
312 1796 457 1856 euetinuit
473 1798 686 1864 celeberrimue.
726 1799 824 1862 Huiue
839 1819 946 1862 nomen
962 1820 996 1860 ac
1014 1797 1132 1862 leudem
1148 1797 1205 1856 Ni-

117 1899 207 1940 ceene
224 1879 347 1961 synodo
365 1881 496 1942 eecunde
514 1893 722 1964 perronentem
743 1883 834 1946 refert
853 1885 1024 1946 Aureteeiue
1042 1879 1206 1944 Bibliothe-

118 1965 217 2026 ceriue
226 1965 255 2024 in
267 1967 453 2046 praefatione
464 1967 574 2030 Hietor.
586 1968 700 2030 Ecclee.
710 1987 815 2030 verum
826 1987 882 2030 nec
894 1970 994 2048 (lypro
1007 1967 1103 2046 patrie
1110 2009 1119 2041 ,
1141 1974 1207 2024 teu·

117 2071 202 2130 quern
219 2051 317 2130 Cypro
342 2051 489 2129 genitrice
508 2052 620 2132 prolem
636 2050 681 2134 ⁴),
703 2053 752 2118 vel
774 2053 892 2133 Georgii
919 2052 1024 2133 Cyprii
1045 2071 1061 2110 e
1085 2048 1206 2129 synodo
1243 2087 1249 2100 ·

115 2137 187 2196 imte
206 2135 354 2194 rindimti
378 2145 409 2194 et
430 2137 557 2212 eluvies
577 2133 697 2219 μνήμης
715 2139 842 2202 vocibus
862 2137 981 2219 excepti
1000 2135 1119 2198 nomine
1144 2153 1206 2194 nou

116 2219 337 2280 incumbendum
358 2221 485 2280 eolerter
507 2221 646 2284 edmomt
661 2222 758 2284 titulie
778 2223 928 2303 pleriequo
943 2220 1130 2286 Clerieaimue
1146 2219 1205 2280 Leo

117 2305 240 2364 Allatiue
253 2303 390 2366 Dietribe
405 2305 443 2366 de
456 2307 589 2385 Georgiie
601 2307 723 2368 omuino
734 2309 838 2386 Regia,
860 2308 893 2368 in
909 2327 985 2386 qua,
1004 2306 1031 2366 ei
1042 2303 1115 2366 beec
1130 2323 1205 2382 quo·

115 2409 171 2470 que
181 2390 256 2450 velie
269 2399 400 2470 excepte
407 2433 416 2466 ,
439 2389 477 2452 de
491 2391 608 2471 Georgii
617 2392 748 2474 syncelli
762 2393 881 2472 acriptie
894 2389 1083 2454 aelectieeinre
1096 2406 1206 2448 occur·

114 2485 193 2536 runt.
232 2475 275 2534 At
294 2475 427 2554 Cyprius
446 2475 517 2550 ille,
545 2477 598 2554 qui
616 2487 685 2538 ente
703 2497 797 2540 anuoe
818 2477 1032 2556 quinquaginta
1051 2472 1206 2552 synodum

116 2569 210 2620 morte
223 2569 436 2639 praevenerat,
458 2559 531 2620 licet
546 2559 597 2622 lu'c
615 2562 764 2624 immerito
778 2571 954 2636 vocaretur,
976 2581 1012 2622 ex
1029 2557 1206 2637 quibudam

118 2643 212 2702 nihilo
224 2645 318 2702 eeciue
334 2644 451 2724 synodi
468 2654 533 2704 ecte
554 2646 719 2727 eubecripto
741 2647 860 2725 Georgii
882 2646 1003 2706 nomine
1020 2639 1207 2702 firmentibue

117 2727 355 2808 iueuepicionem
368 2729 454 2790 venit
467 2730 595 2807 eliquem
608 2750 670 2792 eeee
680 2731 850 2809 syncellum
863 2728 1008 2790 Breviorii
1016 2726 1207 2802 euronogre-

114 2811 198 2894 pbici
218 2822 381 2874 enctcnm.
423 2812 627 2874 Numerantur
647 2823 709 2876 trea
722 2813 800 2874 Acti.
814 2815 845 2880 4.
868 2813 953 2874 Prior
973 2811 1114 2872 Nerienei
1132 2807 1207 2887 Epi-

113 2898 198 2978 ecopi
210 2897 278 2957 rice
292 2917 415 2976 gerone,
436 2897 513 2958 alter
522 2897 736 2960 Domniooruor
749 2897 805 2958 GP.
820 2889 990 2978 ἡγούμενος
995 2941 1005 2972 ,
1031 2894 1134 2978 tertim
1145 2891 1207 2952 ibi·

113 2982 181 3043 dem
199 2982 383 3043 blomateric
400 2981 545 3061 Deiperee
567 2983 680 3063 puriter
699 2983 885 3058 Praefectue,
907 2980 1014 3060 quibu·
1036 2986 1208 3046 ecceneetttt
1291 3049 1296 3058 ,

115 3069 194 3128 Acti.
205 3073 235 3134 6.
249 3075 376 3146 quertua
388 3066 496 3128 Moeici
506 3069 651 3130 Premulie
658 3087 813 3149 perronem
822 3067 953 3128 referent
967 3065 1042 3126 alter
1054 3063 1207 3142 Georgiua.

115 3151 257 3212 Fueritne
267 3153 392 3214 illorum
404 3171 468 3210 non
481 3171 584 3229 nemo,‘
601 3171 658 3214 ceu
670 3153 827 3232 Presbyter
837 3160 926 3230 etque
940 3143 1125 3232 ἡγούμενος,
1146 3145 1207 3205 Ab·

1 3303 4 3320 ,
114 3237 168 3298 ber
181 3245 287 3297 noster
298 3245 328 3296 et
344 3231 528 3318 llriyrellor,
548 3235 644 3298 bebeo
658 3237 739 3316 quod
751 3235 926 3317 coniiciem,
945 3255 1006 3294 non
1017 3233 1110 3292 hebeo
1125 3229 1208 3310 quod

115 3342 255 3386 mmm.
297 3321 433 3382 Eundem
448 3319 626 3400 Logotlretee
641 3341 763 3382 munere
780 3329 920 3384 cenenum
937 3318 1023 3399 priue
1037 3317 1069 3376 iu
1089 3314 1208 3386 aeeculo

114 3405 192 3466 mibi
206 3405 322 3486 pariter
343 3415 374 3466 et
388 3405 499 3468 litatio
514 3407 577 3466 aole
597 3405 727 3486 euepicic
748 3414 807 3466 eet:
830 3403 943 3466 divitiie
957 3411 1055 3462 autem
1069 3411 1100 3462 et
1118 3399 1208 3462 nobi-

114 3491 202 3551 litate
211 3491 375 3568 insignem,
395 3491 509 3550 mundo
525 3499 711 3578 contempte,
732 3489 847 3552 Tmarii
857 3487 963 3566 Regiae
976 3485 1060 3548 urbie
1080 3485 1209 3546 Preeau·

115 3575 157 3636 lie
170 3577 346 3655 syncellum
365 3575 503 3636 effectum
518 3574 636 3658 (mundi
653 3595 725 3638 reru
749 3581 923 3654 contemptu
944 3571 1002 3632 eoli
1021 3589 1052 3632 ee
1067 3569 1211 3632 deiiciunt

118 3661 274 3740 opulenti,
298 3661 383 3720 etad
398 3660 529 3740 syncelli
544 3681 655 3722 munua
668 3659 784 3720 nobilee
800 3679 834 3720 eo
852 3668 986 3737 tempore
1002 3654 1210 3736 proveheban-¹

116 3755 170 3806 tur
183 3743 265 3825 reli),
276 3755 456 3806 memoretur
470 3747 575 3806 eeeerit
586 3743 768 3806 Anaeteeiue.
809 3741 971 3804 Mouecbue
984 3739 1152 3800 colitudinie
1164 3753 1211 3794 re-

120 3849 203 3890 cemu
223 3841 253 3890 et
272 3829 398 3892 horrore
413 3831 585 3892 deliteeccne
605 3831 732 3890 delatum
752 3829 785 3888 iu
803 3849 888 3908 poree
910 3827 966 3888 eibi
987 3819 1211 3918 contubernale

124 3915 235 3996 accepit
246 3916 486 3987 Praefectum,
507 3925 537 3976 et
552 3916 590 3976 ob
603 3935 703 3976 rerum
714 3913 907 3993 gerendarum
923 3910 1089 3982 aelertimu,
1110 3912 1212 3968 vertu-

124 4008 223 4078 teeque
244 4003 353 4082 quibua
376 4000 529 4082 praeibat,
550 3999 692 4080 ineignie,
718 3998 826 4058 ueitete
844 3990 1031 4079 ἡγούμενος,
1051 3986 1213 4069 Tbeopbe·

125 4084 169 4144 nie
183 4085 209 4166 ο)
229 4087 323 4148 verbo
346 4081 462 4167 Ἀββᾶς
483 4084 659 4148 declaretur.
702 4084 790 4144 Fidea
813 4083 890 4156 eiue,
917 4076 1092 4161 prudentie,
1118 4073 1212 4154 pietaa

24 4156 25 4181 ¹
125 4169 156 4230 in
171 4171 255 4234 ileum
268 4185 300 4236 et
318 4171 505 4248 Eccleeienr,
529 4168 666 4230 doctrine
683 4169 846 4248 excelleue,
874 4185 931 4228 neo
953 4157 1121 4226 communie
1144 4165 1214 4218 unte

148 4355 180 4430 4)
193 4363 251 4418 le.
267 4363 288 4418 6
304 4366 337 4418 et
354 4360 383 4414 7.
455 4355 489 4422 ⁵)
505 4353 537 4406 lu
552 4351 652 4410 Hiator.
669 4351 805 4426 prooemio.
