2888 4714
295 313 374 404 ise
670 274 1016 411 mmnnirsonrs

294 500 398 560 refert:
419 497 501 557 hunc
518 495 681 556 secundnm
699 495 769 576 quia
786 515 848 555 non
867 493 1003 573 agnoscit
1022 491 1190 574 Eusebius,
1210 496 1272 560 sub
1291 499 1402 582 priora

294 583 407 645 cladem
419 581 530 641 illatmn
544 583 638 662 ponit.
682 580 798 640 Author
811 599 902 660 supra
917 599 986 662 pag.
1002 579 1071 644 161.
1086 581 1122 638 B.

375 661 538 750 Ἀσσυρίων
551 661 603 749 ty'.
619 663 829 747 ἐβασίίευσευ]
852 665 898 726 ux
913 663 1038 726 Eusebio
1052 664 1159 725 Latino
1179 667 1299 728 restitui
1315 668 1400 730 Thi·

292 771 417 814 naeuns:
435 773 449 810 s
453 752 516 832 pud
530 770 596 810 eum
613 752 724 832 quippe
737 749 885 810 Thinaeus
901 749 953 809 hic
967 747 1129 808 llercillum
1142 753 1303 818 antecedit.

198 844 229 900 P.
242 844 276 900 46
376 831 539 918 hippotae]
561 835 690 914 Scaliger
702 855 767 916 pag.
782 841 833 902 26.
846 845 876 894 et
892 841 943 902 27.
964 833 1098 894 Arruns:
1120 855 1205 914 quarn
1220 837 1394 900 lectionem

291 921 412 1003 losephi
426 922 479 980 lib.
493 927 520 986 1.
540 919 681 980 adversus
695 921 841 1000 Apionem
858 940 895 980 ex
908 916 1088 980 Manethous
1108 919 1244 982 observat
1263 924 1395 986 Ponta-

292 1028 363 1070 cuss
384 1025 437 1086 ego
451 1003 537 1066 editis
549 1005 665 1064 Eusebii
678 1005 811 1069 alienam.

375 1086 517 1172 Ἀργείων
538 1085 585 1152 ια’.
604 1089 793 1170 ἐβασίλευσεν
813 1079 980 1172 Anguem]
1018 1085 1132 1167 Lyncei
1152 1105 1277 1167 Quum
1304 1107 1390 1148 anno

294 1177 398 1236 mundi
418 1179 508 1242 4122
531 1173 730 1234 inchoandum
751 1175 955 1234 demonstrant
970 1171 1041 1232 suni
1060 1172 1152 1230 Danai
1170 1177 1221 1240 58,
1237 1195 1255 1232 a
1270 1174 1394 1253 wlgari

293 1262 398 1322 mundi
413 1261 503 1326 4064.
516 1258 655 1316 ducentes
670 1259 807 1336 initium,
830 1270 860 1318 et
872 1259 905 1318 in
917 1259 1010 1324 4122
1022 1255 1198 1318 desinentes.

373 1339 512 1425 Ἀργείων
528 1336 566 1422 ιβ
569 1387 578 1406 .
590 1342 779 1424 ἐβασίλευσεν
785 1339 899 1424 bedas]
915 1343 1011 1401 Locus
1026 1361 1063 1402 ex
1075 1341 1203 1402 Eusebio
1217 1341 1324 1402 latino
1338 1341 1389 1401 in-

242 1473 245 1478 -
292 1428 464 1509 terpoletus.
494 1447 569 1507 quos
591 1427 684 1488 tribui
704 1431 754 1494 37.
777 1429 847 1488 eniri
873 1449 910 1488 ex
932 1429 1041 1506 Lyncei
1063 1437 1162 1486 aetate
1189 1427 1386 1503 colliguntur.

290 1513 363 1574 Post
377 1512 517 1572 ultimum
533 1512 612 1572 enim
634 1513 696 1572 eius
711 1533 821 1594 annuum
840 1513 873 1572 in
889 1531 1076 1572 communem
1093 1512 1200 1571 mundi
1223 1513 1313 1577 4157.
1333 1511 1386 1569 in-

291 1597 439 1658 cidentem
453 1597 491 1656 ad
507 1598 638 1678 primum
651 1597 750 1658 Praeti
764 1599 856 1664 4194.
869 1606 1036 1677 repertum,
1057 1597 1183 1674 triginta
1203 1605 1312 1676 septem
1329 1597 1386 1656 in-

290 1683 480 1742 teriiciendos
503 1702 637 1744 numero.
681 1683 768 1742 Huuc
790 1703 879 1762 porro
902 1681 1045 1740 Abantem
1060 1682 1167 1741 Praeto
1186 1683 1386 1762 posteriorem

291 1769 365 1828 iacit
380 1768 514 1828 Clemens
528 1767 747 1831 Alexandrinus
761 1767 838 1827 libro
854 1767 949 1846 primo
965 1768 1074 1829 Strom.

377 1853 440 1916 Καί
453 1847 590 1932 litoreis]
606 1854 694 1912 Deest
708 1852 738 1911 in
753 1852 877 1914 Eusebio
892 1852 995 1910 Latino
1010 1859 1040 1910 et
1052 1849 1267 1928 Scaligeriano:
1284 1851 1387 1910 Aban-

290 1936 332 1997 tis
351 1939 430 1998 enim
452 1957 652 2000 successorem
674 1937 784 2016 absque
809 1937 920 2014 collega
942 1937 1095 2012 Proetum,
1117 1933 1207 1995 buius
1230 1935 1386 1996 Acrisium

291 2021 426 2099 inducit,
448 2043 520 2081 mox
538 2023 659 2081 Atreum
675 2031 730 2081 etc.
755 2022 914 2080 Pausaniae
928 2019 961 2080 iu
983 2019 1181 2080 Corinthiacis
1201 2021 1339 2082 Praetum
1354 2031 1388 2082 et

294 2106 441 2167 Acrisium
463 2105 536 2188 (non
556 2103 705 2189 Perseum)
727 2127 851 2184 regnum
867 2106 1002 2166 divisisse
1020 2105 1140 2166 scribite
1167 2115 1199 2164 et
1219 2107 1308 2166 illum
1323 2108 1387 2188 qui.

258 2249 263 2258 ,
290 2191 359 2252 dem
381 2191 526 2252 Heraeum
546 2189 668 2252 hiidism
684 2201 713 2252 et
727 2191 902 2272 Tiryntbem
921 2191 1100 2272 obtinuisse,
1122 2191 1278 2251 Acrisium
1299 2193 1386 2270 Argis

289 2276 468 2342 consedisse.

374 2355 463 2423 Marci
489 2354 650 2442 Ἀκρίσιον,
682 2355 723 2436 ὥς
744 2359 864 2441 φασιν]
900 2359 1035 2420 Alienam
1060 2369 1179 2420 tantum
1208 2359 1385 2420 sententiam

288 2443 453 2506 Autborem
464 2447 590 2526 roierrs,
612 2467 673 2506 non
695 2446 778 2526 sequi
798 2445 1002 2506 demonstrant
1016 2447 1136 2526 propris
1150 2446 1381 2524 Mycenaeornsn

288 2551 392 2610 regum
413 2531 571 2610 latercula,
594 2531 700 2614 quibus
722 2537 792 2612 post
812 2532 975 2608 Acrisium,
999 2531 1102 2590 Perseo
1123 2529 1268 2590 Sthenelo
1281 2529 1384 2590 etlin-

288 2613 413 2696 rystheo
435 2620 612 2697 expunctis,
633 2617 776 2697 supponit
796 2615 935 2694 Pelopem
958 2635 1023 2696 pag.
1049 2621 1118 2682 160.
1138 2615 1171 2675 C.
1205 2617 1268 2691 Qui
1289 2637 1382 2698 porro

287 2699 338 2761 hio
352 2700 515 2779 Pentheus,
538 2721 629 2781 supra
641 2699 794 2761 Penthilus
807 2701 949 2760 scribitur
962 2721 1024 2782 pag.
1041 2704 1111 2768 125.
1124 2701 1159 2762 A.
1432 2775 1433 2779 ρ

373 2787 441 2864 Peg.
465 2791 534 2854 156.
557 2781 638 2860 Ἕως
658 2783 764 2850 τούτου
789 2783 904 2870 juppi]
933 2785 978 2844 Ab
1001 2787 1072 2845 orbe
1092 2785 1232 2845 nimirum
1253 2785 1380 2844 condito

287 2871 381 2934 3692.
398 2889 488 2950 supra
500 2871 599 2952 pagio.
615 2874 681 2938 125.
696 2873 732 2932 B.
775 2869 856 2930 Haec
871 2871 990 2952 Georgii
1008 2871 1133 2953 propria
1149 2870 1274 2949 Scaliger
1288 2889 1381 2952 prae-

284 2953 435 3011 termittit.

371 3031 425 3111 Οίς
439 3035 490 3098 καί
505 3031 653 3183 Ειίσίέιος
670 3037 792 3120 inesse]
814 3039 879 3114 Qua
897 3039 933 3100 de
951 3059 1040 3100 cansa
1053 3039 1153 3102 verbis
1172 3037 1237 3099 istis
1251 3039 1381 3119 omissis,

289 3119 347 3180 alia
363 3121 562 3182 confidentius
604 3125 703 3184 usebio
718 3127 849 3203 Scaliger
863 3125 995 3188 ascribit.

370 3200 505 3286 Ἀμφίων
529 3211 640 3290 Θηβῶν
659 3209 864 3288 ἐβασίλευσεν,
891 3209 933 3284 νίς
951 3207 1064 3288 ilion}
1083 3209 1228 3270 Eusebius
1243 3207 1376 3270 Troianis

288 3291 377 3350 rebus
393 3291 590 3373 Amphionem
608 3303 637 3353 et
657 3294 782 3354 Zethum
803 3297 874 3360 283.
894 3296 980 3354 annis
996 3295 1178 3374 antiquiores
1200 3295 1312 3370 asserit,
1341 3303 1377 3354 et

289 3375 328 3433 ad
341 3377 452 3455 Lyncei
471 3387 607 3458 tempora
619 3399 742 3458 regnum
755 3399 857 3440 eorum
871 3388 1001 3442 revocat.
1043 3379 1114 3439 Eius
1133 3381 1307 3439 sententiam
1319 3387 1379 3436 ta-

289 3460 350 3519 cito
367 3455 487 3520 nomine
505 3463 639 3540 sugillari
660 3467 812 3537 existimo,
840 3464 894 3524 vix
912 3466 991 3524 enim
1008 3464 1116 3543 probat
1134 3463 1270 3540 Autbor,
1296 3463 1378 3542 quod

289 3561 327 3605 ex
343 3545 470 3606 aliorum
483 3566 572 3607 sensu
588 3550 695 3610 refert:
718 3549 760 3623 αίς
776 3547 874 3611 iilos:
896 3545 937 3624 ὥς
950 3571 1041 3621 essee:
1061 3543 1103 3623 sie
1116 3567 1220 3627 φασιν.
1244 3551 1376 3608 Clemffl·

287 3629 505 3696 Alexandrinus
520 3637 548 3698 1.
566 3634 674 3698 Strom.
688 3635 727 3694 ad
741 3636 813 3694 duss
826 3643 948 3711 aetates,
971 3635 1032 3694 sive
1047 3635 1270 3714 generationes,
1288 3633 1378 3694 idest

285 3735 380 3778 annos
393 3723 442 3785 66.
458 3727 525 3776 ante
540 3737 587 3778 res
601 3718 722 3778 Troicss
734 3729 852 3799 tempus
864 3739 965 3779 eornm
979 3719 1206 3782 circumscribit.

372 3803 588 3883 Heluiorum]
610 3803 685 3878 Quia
705 3825 721 3864 e
742 3816 870 3884 quatuor
892 3803 1021 3864 nominis
1040 3805 1127 3864 istius
1141 3806 1197 3882 sit,
1219 3823 1304 3884 quens
1321 3799 1376 3860 hic

287 3887 431 3966 Georgius
446 3889 564 3962 laudat,
585 3888 795 3970 Palaephatus,
817 3889 945 3964 iudicet,
964 3889 1017 3969 qui
1028 3889 1140 3950 librum
1154 3889 1253 3950 Vossii
1266 3887 1302 3946 de
1315 3885 1378 3944 ffi-

285 3973 404 4031 storicis
427 3973 548 4034 Graecis
570 3975 672 4034 adibit.
714 3975 789 4034 Mihi
814 3995 877 4034 non
901 3975 978 4034 alins
1001 3995 1091 4055 quam
1112 3976 1166 4055 qui
1187 3968 1378 4056 poboloyssd

285 4057 421 4201 stus
450 4053 623 4203 tutis
636 4057 915 4206 §rernm
932 4053 1114 4205 timu
1135 4069 1167 4121 ⁶²
1187 4059 1376 4120 nm.
1426 4071 1427 4113 ί

826 4167 855 4205 m
898 4167 954 4206 osss
1007 4187 1016 4207 .

346 4181 357 4213 s
370 4163 530 4324 Psgi157,
552 4226 638 4291 Ksed
650 4163 758 4294 icisse·
772 4226 826 4294 τίν
845 4227 1020 4315 Κρανωὸνὸ
1034 4227 1084 4294 issi
1096 4229 1313 4303 Λευνσλίωνσς
1324 4249 1374 4288 se·

285 4305 471 4388 sudergoe]
495 4311 544 4374 Ad
563 4313 653 4376 Μυσία
670 4324 700 4376 et
715 4315 853 4399 Cecropis
871 4325 1007 4398 tempora
1023 4315 1275 4378 Deucalionaessns
1292 4313 1371 4374 dilu-

1424 4467 1425 4557 ,

1409 4599 1424 4673 l
