2960 4716
249 365 275 434 6
628 363 670 434 G.
692 363 733 430 G.
754 359 963 432 BREDOVll

250 525 355 588 ninum
372 519 610 601 Heliogabalum,
634 521 780 601 Georgius
798 521 958 601 syncellus
980 521 1187 584 Alexandrum
1199 525 1350 604 Severum,

250 609 435 688 Heliogabali
454 627 671 682 successorem,
704 607 791 668 (licit.
820 637 865 655 --
891 609 977 688 Opus
1008 608 1070 668 eius
1093 609 1351 688 chronologicum,

251 695 384 776 quinque
398 694 598 755 voluminibus
616 693 810 768 distinctum,
831 691 943 752 iniuria
957 701 1127 772 temporum
1142 695 1274 774 interiit,
1295 715 1352 758 ne·-

251 800 311 862 que
330 779 428 840 adhuc
443 779 632 840 cruditorum
648 779 756 858 aliquia
776 777 986 838 collectionem
1001 780 1235 858 fragmentorum
1249 784 1352 861 perfe-

251 866 314 941 cit,
336 885 425 944 quam
436 863 579 946 Iosephus
596 865 730 942 Scaliger
742 863 868 943 incepit.
911 864 1078 941 „Concisus
1092 865 1212 944 quidem
1230 875 1292 941 eat,
1314 866 1352 925 de

251 951 393 1012 Africano
414 949 538 1010 Photius
558 949 663 1010 scribit
679 950 712 1009 in
736 947 921 1008 Bibliotheca
941 969 1006 1028 pag.
1024 953 1065 1018 19
1078 948 1107 1032 §.
1127 955 1186 1024 843
1207 951 1285 1010 nihil
1301 961 1352 1011 ta·-

251 1055 320 1096 meu
347 1035 467 1114 cognitu
486 1035 685 1095 necessarium
705 1033 827 1094 omittit.
876 1033 988 1115 Incipit
1013 1057 1030 1094 a
1053 1036 1182 1098 hlossics
1203 1036 1354 1096 creatione

251 1120 372 1196 muudi,
393 1129 424 1180 et
442 1119 597 1179 descendit
617 1139 712 1200 usque
734 1117 844 1178 Christi
867 1119 1038 1180 adventum.
1081 1121 1239 1182 Succincte
1251 1131 1355 1182 tomen

252 1205 388 1286 excerpit
411 1225 530 1286 quoque
550 1216 630 1284 gestu
642 1205 702 1263 iam
715 1203 788 1265 iude
803 1225 820 1262 e
834 1203 947 1264 Christi
959 1213 1054 1266 aetate
1067 1207 1212 1286 usquead
1226 1206 1354 1267 hlacriui

251 1290 445 1370 Imperatoris
459 1291 586 1350 Romani
601 1290 775 1370 imperium,
797 1309 858 1368 quo
871 1299 1024 1370 tempore,
1045 1292 1089 1352 uti
1104 1292 1168 1370 ipae
1181 1291 1271 1367 dicit,
1291 1289 1353 1352 hoe

251 1375 424 1436 chronicon
440 1373 608 1434 absolutum
621 1385 683 1449 est,
703 1373 861 1434 continens
880 1376 1036 1455 quinquies
1054 1377 1137 1436 mille
1149 1377 1354 1458 septingentos

251 1471 284 1522 et
303 1460 409 1539 viginti
423 1469 484 1520 tres
499 1463 621 1521 uuuos.'’
663 1459 745 1522 Haeo
762 1461 852 1520 verba
866 1469 897 1520 et
910 1461 992 1520 iuter
1011 1481 1043 1522 ae
1062 1471 1092 1521 et
1110 1483 1181 1522 cum
1196 1471 1264 1521 ante
1278 1462 1354 1520 cita-

251 1547 291 1607 tis
308 1544 429 1624 Georgii
440 1545 538 1606 nostri
552 1545 685 1625 Syncelli
697 1565 831 1625 pugnare
844 1545 1005 1606 videntur:
1019 1543 1171 1607 Macrinus
1187 1546 1353 1607 enimauuo

250 1631 357 1692 mundi
379 1631 464 1698 5720
483 1651 500 1690 a
520 1630 745 1712 computatione
760 1631 896 1690 Africani
919 1630 948 1712 (s
964 1631 1101 1712 Dionysii
1116 1634 1212 1706 5718)
1227 1631 1353 1691 interiit.

249 1711 388 1777 Fortasse
405 1735 479 1775 vero
497 1735 596 1796 pugna
616 1725 734 1775 tautum
757 1735 796 1774 ex
815 1715 933 1774 incuria
952 1714 1051 1777 Photii
1065 1726 1120 1781 eat.
1163 1717 1355 1796 Quamquam

250 1801 331 1864 enim
346 1799 518 1860 chronicon
534 1800 594 1860 isus
606 1799 640 1859 iu
657 1802 743 1860 obitu
754 1799 881 1860 Macrini
892 1801 1014 1860 finitum
1026 1812 1098 1878 erat,
1118 1811 1219 1862 tamen
1233 1802 1353 1862 Africa-

249 1907 318 1962 nus,
330 1887 383 1966 qui
398 1885 550 1945 Antonino
562 1886 756 1965 Heliogabalo
768 1895 911 1964 regnante
921 1885 1095 1946 chronicon
1106 1887 1238 1967 scripsit,
1253 1887 1355 1947 dicere

250 1973 366 2054 potuit:
386 1989 482 2051 usque
495 1971 534 2030 ad
553 1991 648 2030 meam
671 1979 795 2030 aetatem
818 1978 890 2029 sunt
912 1971 983 2028 suni
997 1973 1091 2037 6728.
1114 2001 1156 2015 -
1177 1971 1240 2031 lam
1255 1991 1294 2030 ex
1306 1971 1355 2030 his

250 2057 328 2118 loeis
354 2055 475 2134 Georgii
496 2065 527 2116 et
553 2055 650 2117 Photii
672 2061 812 2138 apparet,
834 2053 947 2114 lulium
966 2055 1142 2115 Africanum
1167 2059 1356 2114 corrutione

251 2139 363 2201 mundi
376 2161 473 2220 usque
487 2138 533 2199 ad
543 2161 657 2199 annum
665 2143 803 2221 primum
813 2138 930 2199 Chrobsi
944 2142 1107 2220 quinquies
1117 2141 1200 2201 mitte
1214 2161 1253 2199 ac
1266 2143 1356 2221 quin·

248 2236 470 2309 gonterannus
491 2225 661 2305 collegisse,
683 2243 772 2305 quam
792 2243 950 2284 numerum
967 2235 1073 2306 postea
1090 2227 1190 2307 plures
1205 2225 1356 2306 Byzanti-

251 2329 362 2374 uorum
381 2309 564 2390 scriptorum
584 2329 736 2391 accepere.
788 2309 934 2370 Coscinus
959 2309 1081 2390 quidem
1104 2311 1179 2372 fuito
1208 2329 1302 2371 anuos
1325 2318 1357 2370 et

251 2398 332 2459 facta
345 2395 384 2456 ad
398 2395 521 2455 modum
533 2404 704 2456 nostrarum
718 2393 889 2456 tabularum
901 2394 1210 2476 synchrouieticarum
1224 2394 1358 2456 breviter

251 2491 370 2544 tantum
390 2479 566 2561 descripsit,
586 2481 632 2540 uti
651 2481 815 2560 fragmenta
837 2501 954 2560 quoque
969 2479 1093 2553 docent,
1116 2501 1192 2560 quas
1205 2479 1358 2560 ‹lehcgy-

251 2567 386 2650 ptiarum
405 2566 611 2647 dynastisrum
633 2575 720 2646 atqua
746 2565 935 2646 Assyriorum
963 2567 1188 2626 enumeratione
1208 2565 1357 2644 Georgius

252 2651 413 2734 Syncellus
425 2650 512 2712 nobie
525 2652 667 2714 servavit.
708 2653 830 2712 Summo
842 2671 916 2712 vero
931 2651 1033 2710 studio
1047 2653 1148 2712 omnia
1162 2649 1359 2727 antiquorum

251 2737 435 2817 scriptorum
455 2747 649 2798 monumenta
660 2745 864 2818 peracmutus
876 2731 943 2796 'erat
952 2783 962 2813 ,
983 2755 1046 2794 nou
1062 2735 1158 2796 solum
1173 2736 1358 2792 Graecorum

250 2831 282 2883 et
298 2823 511 2897 Romanorum,
532 2841 639 2882 verum
653 2823 743 2880 ctiam
758 2820 898 2897 inprimis
915 2817 1133 2914 Aegyptiorum
1144 2823 1173 2873 et
1189 2815 1358 2876 Chaldaeo-

249 2924 421 3052 {tezel
448 2923 593 3068 ‘litt
615 2908 1357 3065 little?lt131¹t⁹¹¹¹0ttl.1tttl:

249 3075 370 3138 Eusebii
390 3074 617 3155 Praeparatioue
630 3070 808 3150 Euangeliou
820 3069 890 3131 lrbr.
902 3070 941 3128 X.
956 3087 1023 3150 cap.
1041 3071 1107 3145 1ο).
1139 3070 1180 3130 Et
1195 3071 1278 3150 quod
1292 3091 1357 3132 ma·

249 3161 333 3222 xime
353 3159 538 3220 laudandum
562 3177 625 3218 esse
647 3157 785 3217 videtur:
804 3159 927 3235 primus
945 3154 1004 3215 fuit
1017 3155 1194 3232 Africanus,
1217 3157 1270 3236 qui
1285 3157 1356 3217 eli-

250 3245 375 3308 bromm
400 3263 554 3305 sacrorum
572 3242 710 3304 versione
728 3259 832 3320 graeca
854 3261 890 3300 ac
906 3239 1029 3300 caeteris
1045 3239 1231 3322 antiquitatis
1243 3261 1356 3302 monu-

249 3331 360 3392 mentis
390 3348 518 3390 canones
548 3325 777 3405 chronologicos
801 3325 967 3386 contexuit.
1015 3324 1091 3385 Nam
1116 3326 1170 3405 qui
1190 3335 1265 3406 post·
1286 3347 1356 3387 cum

251 3413 468 3494 Chronologica
483 3413 640 3494 scripsere,
665 3431 767 3472 omues
783 3411 846 3471 eius
859 3409 985 3489 vestigia
999 3411 1120 3490 sequuti
1133 3421 1203 3471 sunt
1219 3411 1305 3488 adeo,
1318 3419 1356 3471 ut

249 3499 352 3582 ipsum
378 3499 540 3562 Eusebium
569 3519 658 3559 suum
679 3495 822 3578 losephus
847 3495 978 3574 Scaliger
1008 3504 1108 3559 totum
1129 3495 1265 3560 Africani
1292 3497 1357 3557 fere

252 3583 435 3646 chronicum
449 3585 483 3645 iu
497 3603 585 3644 auum
596 3581 834 3664 transsumpsisse
847 3580 1003 3660 largiatur.

335 3669 487 3733 Eusebius
499 3669 596 3746 enim,
618 3667 766 3749 Pamphili
779 3666 920 3747 Martyris
935 3663 1173 3740 contubernalis,
1195 3663 1355 3726 Caesareae

250 3749 434 3816 Palaestinae
449 3754 619 3836 episcopus,
641 3763 763 3814 centum
776 3752 862 3812 aunis
877 3761 946 3833 post
960 3751 1136 3814 Africanum
1151 3750 1245 3811 libros
1259 3749 1355 3811 chro-

251 3837 405 3918 nologicos
420 3841 549 3920 scripsit,
572 3839 752 3900 ementiore
771 3837 876 3898 mundi
890 3857 985 3918 usque
1001 3837 1039 3896 sd
1053 3855 1165 3896 aunum
1178 3835 1355 3914 vigesimum

252 3923 439 3986 Coustmiui
455 3925 571 4006 Magni,
593 3925 646 4005 qui
660 3934 707 3984 eat
721 3943 817 3984 annua
831 3921 945 3982 Christi
957 3925 1031 3990 327.
1072 3919 1196 3999 (Euseb.
1212 3919 1354 3980 Chrouio.

250 4009 351 4070 versio
371 4007 424 4068 lat.
437 4030 470 4088 p.
487 4013 574 4084 181).
602 4009 743 4072 Pluribus
758 4007 870 4069 dehoc
885 4007 1051 4068 Eusebiano
1065 4006 1214 4067 Chronico
1229 4006 1289 4085 egit
1300 4006 1355 4066 Io·

251 4091 363 4174 sephue
377 4091 507 4172 Scaliger
520 4095 554 4155 in
567 4093 798 4174 Prolegomeuis,
820 4109 838 4152 e
853 4092 962 4171 quibua
978 4091 1089 4174 passim
1102 4090 1249 4151 nonnulla
1264 4091 1354 4151 uobis

254 4177 412 4237 commode
432 4195 591 4257 excerpere
607 4178 721 4240 licebit.
763 4177 925 4256 Quemvis,
948 4177 1006 4256 ait,
1027 4175 1106 4237 nihil
1119 4173 1153 4235 in
1166 4173 1286 4235 Eusebii
1303 4195 1355 4235 ca-

252 4281 334 4323 nous
353 4259 542 4341 antiquitatis
561 4257 733 4325 reco'uslitae
748 4263 803 4335 sit,
824 4261 907 4342 quod
927 4281 989 4322 uon
1004 4261 1041 4322 ab
1056 4261 1197 4322 thiemo
1211 4257 1354 4337 hauserit,

254 4355 286 4409 et
299 4345 436 4428 quamvis
457 4346 575 4428 saepius
595 4347 629 4408 hs
647 4345 783 4410 Ale-icaul
804 4347 953 4408 sententia
965 4347 1123 4410 refutanda
1140 4345 1261 4408 Eussbii
1277 4365 1355 4428 pru-
