2960 4716
271 361 326 440 ·70
761 365 898 436 eoem

274 529 346 592 liter
372 523 533 607 excerptsi
552 527 584 588 et
603 541 672 585 omn
692 523 863 608 apographo
887 521 978 604 lisgio
998 519 1117 584 fidelius
1150 529 1323 604 comparata
1345 525 1374 586 as'

275 611 451 688 reddidero,
480 609 520 670 ad
541 609 672 672 rumoris
693 619 823 672 mentem
844 609 1050 689 lectorumque
1083 607 1245 669 editionem
1261 607 1374 670 huius·-

275 697 358 762 modi
387 693 633 779 praestolantium
651 693 813 776 plurimum
834 711 882 754 me
907 693 1045 754 hrhniasa
1066 701 1166 772 ratus,
1188 701 1218 753 et
1242 695 1375 776 suscepti

277 781 376 846 oneris
390 790 506 864 partem
518 779 690 858 exsolvisse,
712 799 775 840 nou
791 778 943 858 exemplar
961 777 1035 838 adeo
1055 795 1144 856 quem
1166 777 1376 859 apographum

276 867 401 948 Regium
421 865 454 925 in
477 863 653 944 antigrapho
673 863 757 925 fideli
780 863 980 943 evulgandum
1003 863 1114 922 curavi
1157 863 1292 923 Lacum·
1308 883 1377 923 saur

277 953 316 1016 cb
337 971 418 1030 rem,
446 949 538 1010 verba
558 947 734 1010 deformiter
753 948 950 1029 transposita,
981 947 1114 1008 deiectus
1137 947 1222 1008 nullo
1246 947 1376 1010 velleri

277 1037 381 1098 labore
402 1032 602 1116 reparandos,
624 1033 658 1094 in
677 1033 807 1096 numeria
827 1031 1092 1108 hallucinstiones,
1112 1051 1203 1094 voces
1224 1029 1377 1111 barbaras,

279 1118 507 1199 orthographiae
520 1117 605 1179 illrta
617 1118 760 1196 munera,
779 1117 930 1198 graviores
944 1117 1128 1178 ammususis
1143 1135 1258 1178 errores
1266 1135 1287 1194 ‚¹
1297 1137 1378 1198 qnos

278 1204 493 1288 apographum,
514 1195 551 1262 ait
563 1203 622 1282 lagi
635 1212 743 1284 potest,
757 1202 882 1282 obtulit,
903 1203 936 1263 in
950 1199 1158 1282 antigraphum
1171 1210 1201 1262 et
1213 1201 1380 1264 aditionem

278 1290 393 1375 pariter
416 1287 605 1370 recipiendos
624 1289 764 1350 decreeir
784 1297 876 1349 uteo
899 1287 1012 1368 gratior
1033 1295 1191 1367 appararet
1205 1285 1378 1367 syncellus,

280 1395 341 1462 quo
355 1372 571 1436 inemendatior
577 1381 606 1432 et
619 1372 803 1454 incomptior
813 1371 963 1454 prodireta
984 1391 1053 1432 nam
1072 1371 1253 1452 quandoque

515 1457 687 1537 incomptae
708 1459 786 1518 collo
806 1460 853 1516 sic
869 1457 1010 1538 placuere
1029 1475 1143 1518 comae.

280 1543 321 1604 Et
334 1541 435 1602 naevis
448 1561 665 1622 nonuunquam
677 1543 775 1624 pictae
785 1541 910 1604 tabellss
923 1551 1007 1602 tanta
1019 1541 1086 1601 laus
1096 1539 1233 1618 aomssit,
1252 1549 1289 1604 ut
1302 1539 1381 1602 ahs-

282 1647 342 1709 que
363 1627 425 1686 illis
448 1634 478 1687 et
502 1627 589 1686 faciei
607 1637 763 1704 venustas,
784 1637 814 1686 et
831 1627 903 1688 artis
917 1625 956 1686 ad
972 1634 1169 1707 prototypum
1188 1625 1298 1687 veritas
1317 1625 1382 1686 im-

281 1711 410 1794 probata
423 1719 563 1773 maneret.
605 1711 727 1772 Mendes
745 1721 843 1772 tamen
856 1711 922 1771 illas
933 1711 1051 1772 stellula
1064 1711 1258 1772 intertextus
1268 1709 1382 1770 seriem

283 1795 435 1871 confixas,
457 1796 595 1858 adiacens
614 1797 738 1858 verbum
760 1795 886 1875 virgulio
908 1795 1079 1874 inclusum,
1100 1797 1151 1856 vel
1172 1795 1239 1876 pari
1256 1795 1382 1855 stellula

281 1881 453 1960 marginalis
471 1880 617 1942 correctio
632 1882 772 1943 sdnctata
785 1881 819 1940 in
834 1879 987 1942 meliorem
1001 1899 1121 1940 sensum
1133 1879 1279 1940 restituite
1301 1897 1383 1958 quas

282 1965 1049 2130 :tetlffssrffiziiti'rttlmsttff’lzi.„13¹
1059 1963 1383 2126 iifflffl

282 2135 445 2214 marginem
461 2135 550 2193 nimis
566 2145 688 2214 oneret,
708 2137 758 2196 rel
770 2136 913 2196 leviorem
927 2143 1055 2214 occupet
1065 2135 1181 2211 locum,
1204 2143 1234 2193 et
1246 2135 1383 2194 coufun-

282 2219 337 2280 dat
359 2219 511 2296 ordinem,
532 2218 572 2278 ed
591 2229 677 2280 notas
703 2221 888 2280 commodius
905 2219 1083 2280 remittiture
1106 2239 1144 2280 ex
1170 2239 1231 2300 quo
1252 2219 1382 2297 lactum,

283 2313 321 2367 ut
335 2302 598 2382 interpolaticnum
618 2313 818 2384 netarumque
841 2305 930 2364 simul
943 2303 1144 2364 admixtarnm
1160 2307 1313 2390 συναγογῇ
1330 2305 1383 2384 ger-¹

284 2387 383 2449 minus
397 2386 449 2447 hic
461 2388 570 2448 titulus
582 2389 762 2468 praemiatus
773 2390 931 2450 habeatur:
952 2387 1188 2452 dirundotiones
1199 2401 1228 2448 et
1236 2387 1384 2448 hoscum

285 2475 388 2534 tiones.
431 2471 625 2552 Frequentius
640 2484 739 2534 tamen
754 2475 899 2556 expetitas
916 2475 1012 2534 fateor
1027 2475 1226 2535 correctiones
1241 2493 1303 2532 non
1321 2474 1383 2534 ad-

282 2557 392 2632 iectus,
413 2558 496 2642 quod
515 2559 648 2636 consilii,
670 2579 733 2620 non
752 2559 926 2621 crunnum
944 2579 1036 2640 opus,
1058 2559 1139 2640 qued
1160 2557 1304 2620 nimirum
1320 2577 1384 2618 nu-

283 2641 374 2702 meris
389 2642 616 2703 suceedentibus
634 2645 843 2726 apponendas,
864 2643 958 2726 priori
971 2643 1121 2704 ueletiam
1137 2641 1223 2702 alteri
1235 2661 1385 2720 unusne,

283 2727 388 2787 eodem
398 2726 511 2788 indicio
529 2729 742 2790 continuentur
753 2729 787 2789 in
801 2728 935 2808 reliquis,
948 2737 979 2788 et
992 2727 1077 2788 velut
1090 2727 1214 2808 reliquie
1226 2729 1385 2806 appositae

283 2821 383 2872 mente
398 2813 520 2872 omuino
534 2821 698 2877 teneantur.
720 2813 768 2872 Ae
781 2812 1085 2874 correotiouistextus
1100 2812 1212 2872 aliame
1227 2809 1385 2872 addidisse

283 2913 347 2976 uon
361 2895 476 2955 inficias
486 2897 564 2958 iero:
578 2899 680 2958 titulos
686 2897 828 2958 videlicet
835 2898 995 2957 nonnullos
1008 2897 1138 2974 ornatui,
1154 2897 1201 2956 vel
1209 2893 1384 2957 adhibendo

285 2977 451 3038 discrimini
460 2979 664 3041 insudantes.
681 2981 720 3041 Ei
729 2981 767 3040 ad
774 2982 835 3041 MS.
843 2981 1004 3060 marginem
1011 2981 1130 3062 reperti,
1142 2981 1174 3040 in
1182 2979 1254 3042 editi
1260 2989 1385 3042 textum

286 3063 442 3123 commode
454 3063 602 3147 deportati
607 3109 617 3142 ,
643 3075 695 3124 ant
714 3083 775 3124 non
790 3075 992 3126 exstantem
1006 3065 1192 3126 necessitatis
1207 3063 1309 3126 officio
1327 3067 1385 3126 in-

285 3147 378 3208 trusi:
398 3146 489 3208 huius
509 3157 605 3208 autam
626 3150 677 3209 vel
694 3149 775 3210 illius
794 3151 909 3230 generis
931 3151 1100 3230 quicunque
1120 3151 1246 3228 inerint,
1268 3169 1307 3212 ex
1325 3171 1385 3212 so·

288 3233 343 3292 ciis
357 3233 608 3294 annotatiunculir
621 3233 654 3294 in
666 3233 732 3314 ipso
744 3236 876 3315 margine
889 3235 1110 3314 dignceeuntur.
1138 3235 1276 3298 Editiona
1287 3255 1384 3315 porro

286 3317 360 3394 iste,
384 3337 453 3384 cum
470 3316 641 3379 authentico
659 3319 750 3399 Regio
773 3329 910 3381 accurate
925 3321 1053 3396 collata3
1076 3321 1173 3381 codex
1187 3320 1385 3402 postmodum

287 3411 415 3490 uterque
436 3423 504 3462 cum
526 3403 729 3482 Scaligerianis
746 3405 895 3486 excerptis
916 3425 979 3466 non
1000 3405 1205 3488 perfunctorie
1221 3425 1384 3486 compara-

286 3495 348 3550 tus.
393 3487 491 3546 Habet
520 3507 591 3548 vero
614 3489 743 3568 Scaliger
762 3490 902 3570 Eusehii‚
929 3509 1006 3571 quue
1032 3491 1161 3566 iudicat,
1189 3489 1342 3572 Excerpte
1362 3511 1384 3552 a

289 3571 395 3630 Graeci
413 3579 513 3630 textus
526 3573 672 3634 Thesauri
684 3585 851 3656 temporum
865 3595 931 3656 pag.
943 3579 974 3642 8.
994 3575 1032 3634 ad
1043 3575 1202 3636 secundem
1221 3593 1314 3656 supra
1334 3595 1384 3636 se-

289 3657 518 3738 ptuagesimams
541 3658 592 3736 qui
607 3659 742 3740 sequitur
755 3659 875 3720 Eusebii
890 3659 1056 3722 chronicus
1066 3659 1169 3720 Canon
1184 3659 1296 3722 Graece
1305 3659 1384 3720 rad·

288 3741 371 3802 ditns
387 3741 507 3820 Georgii
524 3741 661 3822 imitatio,
675 3753 706 3805 st
719 3745 835 3805 Eusebii
845 3744 1010 3820 treusletio,
1025 3765 1089 3806 non
1104 3745 1224 3806 Eusebii
1239 3745 1385 3806 mesor·

287 3827 336 3906 gio
355 3837 495 3908 excerpta
517 3828 696 3889 eluces-israe
727 3829 859 3892 Africani
875 3831 1022 3892 nonnulla
1042 3830 1153 3890 ibidem
1172 3829 1279 3907 obvia,
1309 3850 1384 3892 oum

287 3912 368 3971 inter
380 3912 542 3974 Eusebiana
561 3915 687 3993 passim,
708 3925 775 3976 tum
792 3915 921 3977 maxime
938 3923 1040 3975 textus
1057 3914 1165 3976 Grseci
1177 3933 1243 3996 pag·
1261 3915 1337 3982 365.
1350 3925 1384 3976 et

288 3997 515 4058 succedentibus
539 4008 811 4079 repraesentantur:
837 4001 954 4082 relique
972 3999 1093 4079 Georgii
1111 3999 1234 4060 nomine
1255 4000 1384 4082 scripta,

287 4083 337 4141 vel
347 4083 464 4145 Anianc
485 4093 516 4142 et
528 4083 683 4146 Panodcrc
702 4095 784 4146 certo
799 4085 995 4148 adscribenda
1009 4087 1091 4145 inter
1109 4083 1385 4146 animadversiones

287 4168 796 4332 :reuertente
991 4168 1386 4336 terruere.

967 4297 977 4332 ἲ

287 4331 360 4395 elias
378 4353 416 4393 ex
437 4334 529 4396 animi
543 4335 618 4396 bene
632 4337 744 4417 placito
760 4337 923 4404 distribuit.
964 4339 1053 4404 Haud
1062 4337 1207 4421 'equidem
1220 4339 1309 4422 pltare
1321 4340 1386 4402 dia-
