2888 4714
366 375 428 442 ET
447 373 797 444 ANNOTATIONES.
1011 429 1012 434 ,
1054 361 1130 440 467

126 533 190 598 ret
214 529 248 598 dl
267 526 382 614 *niceae
399 525 495 616 ,dep'.]
516 531 657 594 Eusebiae
679 550 757 594 auno
776 531 883 596 Troiae
897 532 1131 597 demutationem

45 625 162 697 aequato
182 618 317 698 primam
334 619 449 678 Aeneae
471 617 554 695 regni
567 617 673 678 statuit
687 639 816 695 annam,
838 620 919 698 quod
932 619 1016 680 nulle
1031 629 1132 699 potest

44 704 152 764 ratione
170 703 332 773 affirmari.
355 722 423 762 cum
436 702 470 762 iu
484 702 599 762 ltaliam
614 703 809 781 quaerendam
828 704 910 782 longi
931 705 1044 766 fuerint
1064 704 1129 766 eiua

45 788 103 848 rire
114 807 244 862 errores,
264 787 343 846 bellu
357 785 545 848 diuturniora
557 787 693 864 tolerate,
709 805 783 864 quac
796 789 881 846 nullo
897 788 1049 850 interiecto
1064 811 1131 870 epa.

44 871 83 931 tio
98 892 156 932 uae
173 881 268 932 nocte
283 891 346 932 uoa
360 879 522 952 potuerant
539 871 658 933 confici.
701 871 755 930 Hie
776 871 933 950 explendis
945 873 1061 936 dathor
1075 875 1151 936 de-‘

44 976 101 1016 cem
114 977 213 1020 aanor
229 955 376 1038 partitur,
397 956 447 1034 qui
470 961 561 1023 1170.
582 955 647 1016 aliis
661 957 698 1016 eb
712 975 812 1016 everea
827 955 916 1016 Troia
934 957 971 1016 ed
987 959 1132 1020 Christia-

44 1061 103 1104 nnn
118 1061 224 1102 aarum
237 1061 316 1100 anno
337 1041 432 1107 6500.
454 1041 627 1121 compositi,
650 1044 742 1106 1180.
763 1061 907 1100 rammam
922 1041 1066 1118 reddunt,
1088 1047 1132 1106 al-

46 1127 91 1184 teri
112 1147 207 1206 qaam
239 1126 275 1184 ab
304 1123 433 1184 eiusdem
456 1125 539 1186 urbis
560 1126 701 1186 incendio
726 1146 805 1184 anno
828 1123 977 1186 Abraham
1000 1131 1072 1192 836.
1094 1129 1133 1188 ed

48 1209 189 1272 Ohn‘stum
203 1220 309 1272 nutum
323 1209 453 1270 ciusdem
470 1209 604 1274 Abrahae
617 1214 709 1278 2015.
729 1210 873 1283 Eusebius
887 1209 1012 1270 aeeeuit
1029 1231 1135 1290 aequa-

46 1295 102 1354 lem.
129 1297 242 1356 Annos
261 1316 352 1376 porro
367 1294 481 1356 Aeneae
495 1317 556 1356 aon
571 1300 621 1364 23.
644 1295 696 1355 sed
710 1295 787 1354 solos
801 1305 861 1354 tres
876 1293 927 1354 hic
944 1294 1133 1355 substituen-

49 1379 92 1438 dos
104 1381 241 1442 declarat
256 1379 375 1440 Ascanii
390 1379 445 1440 filii
459 1379 572 1460 epoche
585 1380 623 1440 ed
637 1401 748 1440 annum
761 1379 867 1440 mundi
882 1380 974 1446 4818.
993 1381 1132 1440 devincta

47 1463 160 1526 inseriae
174 1488 211 1546 p.
234 1469 304 1530 177.
326 1465 359 1524 C.
381 1465 490 1524 Scribit
505 1465 636 1546 Scaliger
647 1459 701 1547 κγ’.
716 1483 771 1526 nec
784 1465 943 1526 Eusebium
959 1465 1058 1547 ipsum
1070 1473 1131 1526 tres

48 1547 188 1610 duntaxat
205 1549 358 1628 scripsisse
372 1549 589 1612 animadvertit.
733 1588 738 1599 ι

119 1637 189 1716 Peg·
216 1639 286 1700 172.
309 1629 490 1716 Καρχηδόνα
508 1635 584 1714 φησὶ
603 1631 762 1716 Φίλιστος]
789 1634 858 1694 Non
880 1653 1036 1712 possumus
1058 1635 1133 1696 certi

47 1719 149 1796 aliquid
166 1721 205 1780 tle
222 1717 407 1796 Carthaginis
424 1719 548 1778 conditu
561 1722 775 1802 pronunciare,
803 1717 907 1778 scribit
928 1739 1017 1798 sagax
1038 1717 1133 1778 Chro-

46 1805 196 1882 nologicue
215 1802 321 1862 author
335 1805 470 1863 Petavius
485 1805 562 1864 libro
578 1811 607 1872 9.
625 1805 662 1864 de
676 1805 762 1867 Doct.
777 1803 879 1884 Temp.
901 1825 966 1886 cap.
988 1809 1038 1869 62.
1063 1811 1131 1884 post

46 1889 142 1948 allatus
158 1889 197 1948 de
211 1909 245 1948 eo
256 1887 354 1950 rarius
367 1889 558 1968 antiquorum
574 1890 756 1970 scriptorum
772 1887 949 1964 sententiae,
971 1889 1079 1967 dequo
1093 1909 1133 1947 ne

47 1983 158 2032 veteres
174 1973 291 2051 quidem
303 1974 360 2053 ipsi
373 1983 543 2054 potuerunt.
572 1974 732 2034 Eusebium
742 1973 845 2052 itaque
860 1973 898 2033 ad
913 1993 1024 2032 annum
1039 1973 1133 2032 Abra·

44 2053 101 2114 hce
125 2061 201 2122 798.
221 2057 407 2135 scribentem,
435 2060 590 2118 Philistus
615 2059 721 2118 scribit
743 2079 763 2116 a
789 2061 870 2118 Zoro
893 2070 921 2116 et
944 2056 1133 2118 carchedone

52 2141 169 2216 Plcide,
190 2139 397 2222 hoctempore,
423 2144 638 2225 Carthaginem
656 2141 825 2221 conditam,
847 2141 964 2204 Author
978 2153 1131 2221 sequutae,

49 2227 83 2282 ad
101 2225 236 2302 quemvis
253 2237 320 2286 ente
341 2227 433 2296 4310.
454 2249 564 2288 annum
588 2229 788 2288 ascribendam
805 2229 927 2288 eundem
949 2227 1131 2308 periochem,

49 2309 163 2386 retulit,
186 2319 216 2370 et
228 2313 339 2392 potiori
359 2313 425 2374 iure
444 2313 582 2393 apposuit
595 2307 669 2375 abab
688 2317 795 2375 τοῦτον
815 2309 867 2376 adv
890 2308 1008 2394 χρόνον.
1034 2312 1133 2372 Phili-

51 2403 124 2452 stum
143 2394 195 2456 hic
215 2408 409 2460 momontum
424 2419 441 2458 a
456 2397 617 2458 Plutarcho
631 2397 664 2455 in
680 2397 746 2456 Dio.
768 2395 882 2475 loseph.
902 2397 954 2458 lib.
976 2402 1006 2462 1.
1031 2407 1134 2458 contra

53 2479 129 2558 Apio.
149 2481 275 2544 Pauean.
296 2483 348 2542 lih.
372 2490 400 2548 t.
422 2484 532 2558 Suida,
554 2481 697 2562 Dionysio
710 2481 950 2540 Halicarnasaaeo
969 2480 1021 2540 lib.
1037 2487 1065 2546 1.
1082 2483 1134 2540 ei·

55 2581 149 2626 corone
170 2566 225 2630 lib.
250 2573 278 2634 1.
301 2567 339 2627 de
359 2568 443 2630 Orat.
459 2567 551 2630 etlib.
573 2573 602 2634 2.
624 2566 709 2646 epist.
731 2570 781 2632 12.
803 2564 840 2622 ad
853 2563 999 2637 Quintam
1012 2565 1134 2625 fratrem

54 2647 195 2728 crebrum,
218 2659 356 2728 acutam,
377 2653 514 2730 brevem,
535 2651 766 2733 perrepueillam
783 2647 989 2727 Thucydidem
1007 2649 1136 2707 celebra.

55 2739 111 2790 tom
123 2739 216 2798 refert
230 2737 379 2798 Poatacus
394 2737 428 2798 in
443 2737 538 2802 Notis.
565 2739 782 2818 Syracusanam
796 2733 940 2793 Aemilius
957 2733 1072 2792 Probae
1085 2741 1134 2792 te·

57 2825 155 2896 stetur3
183 2823 249 2882 siae
268 2842 306 2882 ex
326 2821 503 2903 Thucydide
520 2821 680 2884 tententiae
700 2818 790 2879 habet
805 2819 940 2878 Glemona
954 2816 1134 2876 Alexandri·

57 2918 111 2962 nue.
135 2908 205 2968 Post
220 2905 294 2966 haec
308 2907 419 2987 scripta
432 2909 520 2988 plara
532 2906 677 2985 aaggeosit
692 2903 817 2966 Vossius
832 2903 869 2964 de
882 2901 1024 2979 Philisto,
1047 2921 1134 2982 quem

59 2985 127 3049 adue
138 2992 192 3052 lib.
209 2997 237 3058 1.
253 2992 375 3052 delliat.
392 2993 514 3054 Graecia
530 3012 592 3052 nou
605 2990 717 3072 pigebit
727 2991 878 3051 lectorem.

127 3073 214 3140 Karai
230 3073 262 3140 dl
274 3073 382 3150 ἄλλους
393 3072 460 3157 ut‘.]
481 3077 640 3138 Eusebium
660 3084 690 3136 et
709 3093 849 3154 sequaces
863 3072 1002 3151 intellige.
1023 3071 1135 3132 Scribit

60 3155 124 3218 enim
142 3163 180 3223 ad
203 3182 315 3222 anuum
338 3161 474 3224 Abrahae
492 3166 565 3228 810.
606 3161 752 3222 Ialerculee
770 3179 898 3239 agonem
922 3158 1134 3236 Olympiacam

60 3249 219 3324 acuetituo't,
240 3269 262 3306 a
284 3269 342 3328 quo
363 3247 408 3308 ad
418 3250 557 3328 primam
578 3267 673 3326 aeque
697 3241 908 3323 Olympiadem
924 3254 1135 3322 eupputantur

61 3331 199 3398 muitsso.
218 3332 267 3392 Ex
279 3331 327 3392 hie
341 3352 461 3412 gravem
473 3331 616 3410 Scaligsri
630 3349 760 3392 aurorem
774 3338 876 3388 textus
888 3329 992 3390 aneb.
1007 3349 1073 3408 pag.
1081 3332 1132 3395 31.

62 3424 197 3478 auratum
213 3417 334 3496 collige:
355 3419 393 3478 ad
407 3417 481 3478 haec
491 3417 568 3478 enim
584 3417 696 3476 Graece
709 3413 887 3494 conscripta,
908 3413 1015 3493 puncti
1030 3415 1132 3494 perio-

63 3489 112 3555 diei
127 3501 200 3562 falsu
221 3503 290 3563 rede
309 3503 473 3582 assignata,
494 3503 645 3564 diversam
668 3500 705 3560 eb
729 3496 870 3559 Autboris
884 3507 983 3558 mento
1003 3517 1132 3574 sensum,

64 3585 87 3636 tl
105 3579 363 3648 hallucinationem
390 3588 507 3667 ingerit.
555 3582 630 3652 aurel
655 3589 765 3648 τοῦτον
788 3579 839 3648 ιόν
864 3577 991 3665 Ιχρόνον,
1019 3583 1134 3658 scribit,

63 3655 190 3753 ᾞρικλῆς
204 3669 255 3736 τὸν
267 3673 300 3736 dv
312 3667 457 3758 Ὀλυμπίᾳ
473 3666 585 3757 α’γιὸνα,
606 3680 663 3731 stc.
687 3669 876 3750 Olympicum
893 3669 971 3730 enim
984 3675 1135 3762 certamen

65 3750 122 3825 ¹P⁸l⁸
134 3757 244 3818 excidii
258 3758 380 3818 Troiani
398 3757 583 3838 temporibus
601 3755 770 3816 inatitutuna
788 3755 930 3814 Eusebiae
943 3771 1006 3812 non
1023 3757 1136 3824 assent,

66 3833 107 3894 'td
120 3843 201 3902 annis
217 3843 267 3910 25.
282 3843 380 3924 prius.
406 3843 453 3903 hd
466 3841 689 3924 praecedentem
705 3841 806 3919 itaque
821 3839 984 3919 pericopen
1000 3832 1136 3892 addenda

66 3921 138 3982 verba
158 3923 235 3990 mol
256 3933 364 3992 τοῦτον
381 3923 435 3993 triv
455 3921 573 4012 χρόνον.
618 3924 763 4003 Carthago
789 3925 868 3983 enirn
891 3919 996 3982 Troiae
1017 3935 1136 3976 eversae

66 4011 143 4068 aetate
155 4011 292 4088 condita3
315 4022 345 4072 et
361 4013 508 4088 Eusebius
523 4012 587 4092 ipsc
599 4009 723 4072 Latinus
738 4007 777 4069 ad
792 4025 902 4066 annum
914 4001 1051 4064 Abrahae
1063 4005 1135 4068 798.

66 4081 189 4158 Phillatus
205 4097 327 4158 scribit:
355 4099 477 4160 AZaro
502 4107 533 4158 et
553 4095 745 4156 carchedone
764 4091 880 4170 Tyriis,
907 4088 968 4150 hoc
990 4096 1134 4167 tempore,

68 4165 184 4244 (observ.
198 4179 275 4246 acad
290 4185 397 4248 τοῦτον
412 4179 464 4246 ade
477 4177 598 4264 χρόνον)
621 4175 828 4256 cambagincm
847 4173 1009 4234 conditam.

125 4257 212 4330 Ἴλιον
223 4262 288 4345 ἥλω
297 4273 340 4352 api
353 4263 566 4351 φθινοπώρῳ]
589 4264 693 4326 Variae
708 4262 746 4320 do
759 4259 927 4319 destructae
938 4256 1044 4318 Troiae
1057 4265 1136 4318 tem-

69 4351 164 4412 latete
179 4352 339 4414 matentirr
351 4351 440 4412 babet
454 4351 593 4412 Clemens
608 4343 828 4410 Atmandrinue
848 4347 877 4412 1.
900 4345 1011 4407 strom.
1038 4343 1137 4406 verne
