2944 4716
284 307 361 384 524
451 337 460 356 ·
647 303 993 382 EMENDATIONES

286 473 366 536 :em
379 467 561 550 emes,
581 466 634 550 qu
648 465 687 526 u
700 463 833 526 eaerum
847 460 899 524 no
912 459 950 521 ο.
964 479 1000 520 00
1013 437 1201 522 manem
1227 462 1398 523 aarum

288 559 428 622 omissum
441 577 494 618 sno
507 556 575 615 loco
591 553 629 614 de
641 548 829 612 Antiocheae
845 567 912 608 aere
930 565 1097 606 sermonem
1118 547 1299 607 subiectum
1318 568 1399 628 pss-

285 644 404 727 pendet.
428 640 486 701 sui
501 639 672 700 utmorem
682 633 829 698 Alexand.
840 651 907 717 pag·
918 629 990 698 446.
1010 630 1183 707 Eusebium,
1206 629 1393 712 Patavium,

286 739 317 792 et
330 727 402 788 alios
417 724 632 802 Chronologos.

357 807 434 892 ”Ere
456 803 512 872 ιδ’.
532 805 587 872 τόν
602 800 773 890 ,“76νιονο’ν.]
793 800 839 864 Ab
856 799 1041 862 Alexandros
1064 809 1158 862 morte
1171 819 1257 860 anno
1272 803 1393 862 mnndi

286 894 377 962 5435.
396 895 494 975 posita
508 892 547 954 ed
559 893 708 954 Herodem
719 909 796 951 enno
807 887 899 956 6409.
911 905 1009 966 regem
1021 885 1189 945 institutum
1199 885 1315 964 plures
1331 891 1392 952 33.

285 981 357 1038 anni
372 987 526 1059 noqueunt
547 977 714 1040 numerari:
734 974 875 1055 quocirca
896 971 1085 1034 vindicandis
1106 991 1175 1030 cuna
1187 970 1329 1030 Anthore
1354 980 1391 1032 et

285 1064 414 1124 Eusebio
435 1063 571 1142 Hyrcani
590 1066 642 1128 84.
660 1060 746 1120 annia
764 1079 803 1118 ex
822 1057 926 1118 Inneei
945 1056 1077 1138 propriis
1103 1057 1179 1115 alter
1199 1055 1386 1114 eximendus

286 1143 424 1232 (triginta
436 1147 580 1228 siquidem
595 1145 730 1206 concedit
743 1143 770 1203 ei
783 1141 927 1221 Georgius
942 1140 1068 1202 Eusebio
1083 1146 1136 1208 27.
1148 1141 1290 1200 duntaxat
1310 1159 1389 1200 nu-

286 1231 430 1316 merante)
444 1243 480 1294 ut
493 1233 553 1292 soti
563 1251 680 1293 sursum
692 1229 878 1292 Alexandnnn
892 1228 964 1286 anni
973 1227 1104 1308 epatium
1117 1225 1257 1306 Hyrcano
1269 1235 1384 1306 portu.

286 1319 381 1380 letum
397 1317 577 1396 relinquent.

369 1403 436 1479 Peg·
457 1405 529 1468 306.
555 1395 598 1464 Td
615 1398 683 1484 τρία
701 1390 818 1463 τούτων
832 1388 1017 1478 Ἀντιγόνῳ]
1043 1392 1132 1453 Hanc
1144 1413 1202 1472 ego
1216 1395 1388 1464 correctio-,

285 1506 354 1547 nem
370 1487 593 1561 inferremus,
615 1487 711 1546 miror
724 1485 783 1558 trie
798 1502 888 1560 eaque
902 1481 1018 1540 diverse
1032 1479 1146 1542 MMSS.
1162 1481 1271 1542 eodem
1283 1500 1384 1542 errore

284 1571 439 1632 maculato.
468 1566 505 1632 ro*
524 1572 592 1652 τρία
605 1575 714 1633 τοῦτον
724 1564 891 1650 Ἀντίγονον
904 1567 1082 1646 λογίζεσθαι.

371 1653 450 1737 Περὶ
465 1649 663 1737 τῆςἩροὶδον
680 1649 885 1735 elanguesco]
907 1651 949 1709 Ut
966 1648 1039 1728 quid
1056 1648 1188 1710 Eusebio
1208 1671 1267 1710 ans
1283 1649 1383 1710 reddi-

286 1748 376 1802 turus
388 1740 533 1820 Scaliger,
554 1739 673 1821 losephi
686 1733 892 1822 ἀρχαιολογίαν
905 1733 1128 1796 describendam
1142 1733 1197 1793 lric
1212 1745 1311 1811 curet,
1325 1754 1386 1794 non

286 1825 396 1901 video;
426 1825 485 1884 nisi
506 1825 587 1905 quod
603 1823 751 1907 plerisque
768 1823 917 1882 Herodem
940 1819 995 1881 rili
1016 1815 1158 1898 sanguine
1180 1831 1290 1880 natum
1308 1839 1387 1880 aese-

287 1911 423 1970 rentibus
442 1911 603 1990 placitum,
630 1911 694 1991 ipse
716 1927 754 1968 ex
781 1907 904 1966 adverso
917 1913 1056 1976 evertet,
1082 1913 1112 1962 et
1135 1905 1277 1964 eirobnr
1294 1923 1385 1982 argu-

287 2005 386 2054 mento
413 1997 655 2076 suppeditarent,
684 1995 829 2054 maiorum
857 1999 888 2048 et
914 1989 1016 2070 stirpis
1041 1989 1137 2047 totius
1164 1991 1331 2050 claritatem
1353 1989 1384 2046 ei

288 2099 433 2138 summam
449 2081 599 2160 appingat„
642 2079 684 2136 Eo
702 2077 760 2136 luit
776 2076 809 2136 in
829 2074 979 2134 Herodem
997 2073 1139 2152 Scaligeri
1156 2075 1272 2154 pietas,
1294 2093 1386 2154 quem

288 2164 391 2222 falsam
413 2165 527 2242 pariter
545 2184 581 2221 oc
600 2181 728 2240 pravam
748 2161 868 2242 prolixo
883 2169 914 2218 et
928 2161 1043 2218 erudito
1057 2159 1095 2218 de
1110 2159 1231 2219 Haruds
1251 2169 1385 2218 tractstu

285 2245 425 2326 probavit
441 2243 580 2306 Nicoleus
601 2246 750 2320 serarius,
771 2265 831 2324 qno
853 2239 944 2308 καινὰ
963 2239 1038 2306 κενοί
1056 2265 1089 2306 τε
1108 2243 1247 2322 Scaligeri
1264 2241 1382 2324 ὄνειρα,

286 2330 326 2388 sd
347 2329 483 2390 veritatis
503 2331 541 2390 de
562 2331 717 2390 doctrinae
738 2332 838 2392 lucem
851 2330 968 2410 prolata
981 2330 1013 2388 in
1027 2327 1153 2388 nihilum
1164 2329 1286 2389 abeunt.
1330 2330 1379 2386 lle

285 2413 411 2474 Herodis
426 2435 531 2494 genere
546 2415 762 2476 consulendum
778 2415 947 2475 Chronicon
959 2415 1105 2474 Alexand.
1122 2432 1182 2493 pag.
1197 2413 1268 2480 454.

369 2499 438 2578 Peg.
459 2504 531 2566 307.
552 2498 641 2564 Metel
657 2501 706 2580 ἔτη
720 2493 814 2586 pub]
836 2501 1005 2560 Abannae
1022 2499 1127 2558 mundi
1139 2498 1264 2558 conditu
1284 2498 1380 2564 6333.

286 2604 346 2664 quo
362 2577 470 2666 populi
487 2605 552 2646 rem
566 2585 771 2646 administrare
788 2585 886 2666 coepit
900 2584 989 2644 ludas
1005 2583 1100 2650 5469.
1116 2603 1176 2663 quo
1193 2583 1330 2644 Herodes
1349 2583 1384 2642 in
1401 2623 1409 2652 r

285 2689 411 2748 reguum
424 2681 468 2730 est
480 2671 630 2748 intrusus,
652 2691 745 2730 annos
758 2689 883 2730 numero
900 2673 970 2736 136.
982 2688 1046 2728 non
1065 2673 1138 2734 166.

371 2757 439 2834 Peg.
459 2759 532 2822 303.
555 2751 604 2818 Ἐν
626 2759 669 2840 τῷ
690 2754 875 2836 μεσαιολίῳ.]
905 2753 975 2813 Tria
992 2754 1096 2812 'verba
1117 2752 1326 2835 praecedentis
1346 2753 1380 2812 in

287 2839 424 2898 omnibus
445 2841 556 2900 lllMSS.
577 2840 697 2918 legende
714 2841 845 2918 Scaliger
865 2839 1011 2918 expungit
1029 2857 1098 2918 pag.
1119 2843 1171 2904 66.
1210 2837 1381 2915 snuitqus

287 2918 499 3000 Μαισοιὸλιον,
517 2924 570 2984 ubi
584 2925 635 2984 illa
650 2920 837 2988 Μεσοιόλιον
850 2925 967 3003 legunt:
989 2923 1111 2998 arridet,
1126 2923 1307 2982 substituens
1320 2925 1383 2984 dse-

286 3003 431 3088 χρήοατο,
453 3009 519 3068 vice
533 3007 566 3071 dl
583 3005 742 3092 ἐχρήσατο,
766 3009 878 3089 ubique
893 3017 1021 3088 reperto.
1049 3005 1127 3066 llilri
1141 3028 1280 3088 praesens
1296 3009 1383 3068 locus

288 3093 411 3152 mutilus
433 3103 491 3170 est,
514 3103 544 3153 et
559 3096 590 3154 in
607 3095 691 3155 code
709 3095 830 3154 Actiaca
855 3095 981 3154 victorie
1000 3093 1112 3152 mentio
1129 3093 1331 3154 desideretur:
1353 3101 1382 3152 et

286 3172 321 3238 eo*
341 3174 589 3246 Μαισαιόλιονίο
608 3185 813 3244 Μαυσωλοῐον
833 3187 1041 3252 commutetur.
1086 3178 1248 3258 Cleopatra
1271 3179 1380 3257 quippe

287 3261 452 3340 sepulchri,
484 3265 644 3326 llleusolaei
667 3285 881 3344 nonnunquam
907 3263 945 3326 ob
973 3263 1103 3324 fabricae
1131 3265 1246 3324 molem
1271 3261 1376 3339 vocati,

288 3345 388 3405 claues
399 3349 547 3426 praesidio
561 3351 685 3432 seipsam
699 3353 836 3412 coniecit.

373 3431 474 3513 Μεχοὶ
493 3436 581 3498 τοῦδε
600 3435 754 3517 Asopidos]
776 3435 921 3514 Ambigua
938 3443 969 3494 et
984 3433 1099 3495 incerto
1123 3432 1163 3493 tle
1183 3435 1240 3496 l'sti
1255 3433 1378 3513 Cleopa-

287 3523 351 3575 trae
373 3535 451 3574 enno
471 3515 629 3596 loquutum
649 3521 827 3594 Aetherem,
851 3541 889 3580 ac
905 3519 993 3579 modo
1012 3519 1047 3578 ab
1066 3518 1149 3580 orbis
1165 3521 1280 3580 conditi
1299 3539 1376 3578 anno

287 3604 382 3668 6468.
397 3601 481 3660 annis
494 3603 583 3662 modo
596 3605 712 3664 duobus
724 3607 873 3686 posteriue
885 3603 1074 3683 consignaeee
1088 3605 1170 3662 notis
1186 3605 1230 3664 ed
1238 3605 1379 3687 pagan&

288 3687 530 3749 obaerverimus:
556 3708 648 3769 quare
662 3691 745 3770 quod
760 3689 854 3750 hicio
869 3710 961 3750 annos
977 3689 1051 3750 duos
1063 3689 1233 3768 aequiores,
1254 3701 1285 3750 et
1298 3708 1381 3748 mun-

196 3841 200 3849 ,
288 3772 321 3833 di
337 3775 432 3841 5472.
454 3785 655 3852 removeatur,
682 3775 721 3833 ed
744 3777 904 3855 Georgium
920 3775 967 3834 nil
985 3783 1118 3854 spectet,
1148 3795 1223 3834 oum
1247 3777 1381 3856 privatus

287 3856 367 3917 iseit
379 3859 526 3938 Africani,
545 3859 636 3920 huius
652 3857 725 3919 haee
737 3861 817 3919 ‹liote
831 3853 1002 3922 referuntur
1010 3903 1019 3936 ,
1041 3868 1217 3938 computus.
1260 3861 1308 3920 Ex
1319 3859 1381 3917 eius

287 3963 381 4024 porro
394 3945 493 4006 verbis
509 3945 713 4005 celeberrimae
727 3955 789 4006 tres
802 3946 930 4025 epochae
946 3943 1142 4021 Chronologie
1163 3945 1298 4006 Africani
1316 3963 1383 4002 oen·

201 4036 208 4052 ¹
287 4048 374 4087 soum
387 4030 528 4090 studiosis
543 4031 757 4112 perquirendae
772 4029 851 4090 ultro
868 4051 899 4090 se
913 4029 1052 4090 offerunt.
1077 4029 1179 4088 Prima
1192 4040 1241 4090 eet
1253 4030 1383 4092 Alexan-

287 4111 338 4171 dri
354 4115 458 4172 mortis
471 4124 500 4176 et
517 4117 697 4176 Graecorum
708 4115 845 4196 imperii,
866 4135 956 4196 quom
977 4115 1008 4174 iu
1030 4113 1137 4174 mundi
1151 4115 1248 4182 6174.
1268 4136 1332 4174 non
1350 4121 1382 4172 at

287 4195 431 4272 Georgius
448 4198 482 4257 in
500 4203 593 4266 5170.
616 4199 749 4265 coniicit
790 4199 952 4262 Nemeum
973 4199 1150 4278 Legidaruna
1170 4199 1379 4260 exterrmniun

288 4275 321 4333 in
338 4267 441 4340 orandi
456 4282 550 4352 5472.
562 4285 678 4346 duobus
693 4286 836 4346 nimirum
853 4285 890 4345 de
904 4295 1070 4347 tercentum
1081 4283 1180 4346 minue
1202 4295 1278 4366 post
1296 4283 1378 4345 insti·
