2944 4716
287 361 366 442 626
663 368 1010 440 EMENDATIONES
1030 379 1042 414 ‘·

170 599 181 617 ,
288 551 361 596 anas
372 531 510 594 restituta
520 518 668 608 liliartati,
689 527 770 588 Iulio
782 527 904 590 Camere
915 525 1069 590 Dictatore
1084 527 1302 610 proclamato,
1325 550 1402 590 anos

286 639 381 682 annos
401 617 539 698 deinceps
553 623 717 697 coeperunt
735 613 797 674 eiua
816 613 897 674 civea
910 609 1080 694 numerare)
1100 613 1302 696 Olympiadis
1318 620 1400 682 182.

287 713 501 784 annoqusrto,
523 711 592 761 ants
607 699 759 760 Christum
770 707 877 758 octavo
892 717 982 778 supra
995 700 1279 779 quadragesimum,
1301 709 1336 758 et
1355 709 1398 760 ut

285 789 401 852 Autbor
418 786 562 866 Georgius
577 785 617 844 ad
630 805 700 845 suos
711 793 831 866 putaret
845 783 975 844 calculos
988 783 1094 844 mundi
1109 785 1195 850 5168.
1214 783 1398 844 inchoasse

286 873 442 936 doctrinae
459 883 629 952 temporum
650 869 809 952 scriptores
833 867 1001 952 praecipui,
1022 867 1152 928 martimo
1170 869 1221 948 qui
1239 869 1397 946 Scalige-

285 981 353 1022 rum
370 959 423 1020 lib·
444 961 477 1026 3.
498 957 571 1034 laag.
595 957 667 1014 Can.
688 975 755 1036 pag.
776 955 848 1021 295.
871 953 975 1014 ducem
998 963 1182 1033 sequuntur,
1206 955 1397 1014 eommuni-

286 1054 334 1104 tcr
351 1043 493 1119 tradunt,
516 1051 550 1102 ut
564 1042 647 1104 testis
665 1051 710 1100 est
727 1039 781 1120 qui
797 1039 976 1104 contrariam
993 1038 1051 1098 init
1073 1038 1246 1098 sententiam
1264 1039 1394 1098 erudi-

287 1139 336 1190 tus
353 1128 489 1190 Palatius
509 1126 626 1192 lib.1o.
642 1135 706 1185 toto
728 1145 794 1204 cap.
812 1129 863 1190 62.
889 1123 1020 1186 Huiusce
1037 1143 1122 1184 aerae
1139 1123 1175 1182 ab
1192 1122 1392 1184 Antiochen·

289 1215 372 1276 aibus
387 1221 545 1293 usurpatae
561 1219 685 1290 quartus
704 1229 795 1288 supra
813 1208 988 1286 vigesimum
1003 1209 1192 1288 completus,
1213 1229 1263 1268 seu
1274 1209 1389 1289 petius

288 1299 413 1380 quintus
431 1318 466 1356 ac
489 1295 646 1374 vigesimus
665 1295 699 1354 in
721 1293 907 1374 Olympiadis
927 1297 996 1360 189.
1017 1313 1128 1352 annum
1143 1295 1288 1372 primum,
1308 1303 1388 1352 ante

288 1384 439 1446 Clniatum
451 1383 501 1446 28.
518 1389 547 1440 et
564 1380 603 1440 ad
619 1380 738 1458 Georgii
751 1377 847 1440 nostri
867 1387 1038 1457 computum
1051 1377 1083 1438 in
1098 1377 1209 1438 mundi
1219 1379 1309 1446 otte
1323 1377 1388 1436 in-

287 1467 391 1528 currit.
434 1465 527 1525 Iidem
540 1485 633 1546 porro
647 1473 816 1544 temporum
832 1483 867 1522 ac
880 1461 1063 1524 diversarum
1076 1461 1234 1523 rationum
1254 1463 1388 1524 cdcnlos

284 1560 414 1614 tractare
424 1549 506 1610 soliti
521 1549 682 1631 scriptores
696 1549 768 1610 anni
780 1547 949 1628 Aegyptiaci
964 1547 1148 1628 principium
1169 1547 1224 1628 (de
1242 1568 1300 1628 quo
1312 1547 1387 1607 bre-

191 1651 197 1664 ·
284 1637 365 1698 riter
386 1635 531 1696 nonnulla
551 1644 690 1696 notarum
710 1635 834 1696 istarutn
857 1652 922 1713 pag.
946 1637 973 1698 1.
994 1637 1024 1699 6.
1047 1643 1077 1692 et
1098 1635 1152 1700 13.
1174 1631 1387 1713 delibavimus)

286 1720 321 1782 in
342 1731 457 1784 certum
481 1719 553 1782 anni
572 1721 667 1780 nostri
686 1718 792 1780 Iuliani
812 1717 889 1778 diem
901 1727 970 1778 ante
981 1737 1112 1798 pugnarn
1127 1717 1288 1779 Actiacam
1307 1718 1388 1778 inei-

153 1871 156 1886 ,
286 1807 365 1869 disse
383 1815 511 1886 negant,
539 1805 623 1866 nullo
643 1805 753 1886 quippe
774 1803 946 1864 intercalari
968 1803 1047 1883 apud
1068 1803 1235 1883 Aegyptios
1252 1815 1388 1882 recepto,

288 1913 401 1952 annum
422 1891 483 1952 illia
505 1891 647 1953 usitatum
662 1911 721 1952 uuo
738 1889 785 1950 die
801 1889 950 1948 Iulianum
964 1895 1148 1948 antevertere
1170 1907 1290 1948 nenena
1309 1889 1387 1947 suit:

189 1981 223 2036 P.
238 1979 274 2038 7⁵
291 1979 413 2058 eiusque
425 1975 550 2036 subinde
565 1976 694 2056 primum
710 1975 804 2050 diem,
825 1993 930 2050 ragam
941 1993 1057 2054 semper
1071 1983 1102 2032 et
1114 1972 1264 2034 incertam
1282 1974 1315 2034 in
1330 1993 1386 2030 an-

287 2083 327 2123 no
340 2063 455 2122 iuliano
469 2061 568 2121 sedem
583 2059 726 2120 babuisse.
763 2059 897 2137 Aegypto
911 2078 983 2118 vero
998 2065 1068 2138 post
1084 2057 1243 2118 Actiacam
1257 2077 1388 2138 pugnam

287 2147 413 2222 domita,
434 2145 632 2220 Romanisque
648 2143 762 2220 legibus
777 2163 813 2201 ac
828 2141 974 2204 institutis
988 2143 1124 2220 subdita,
1147 2143 1216 2222 vagi
1232 2143 1317 2202 illiua
1332 2164 1388 2202 an-

284 2231 319 2292 ni
333 2233 383 2290 lex
396 2230 485 2289 annul
503 2229 641 2304 abrogata
658 2236 719 2304 eat,
741 2219 925 2306 atellanus,
947 2229 1032 2288 cuius
1052 2228 1134 2287 fixus
1156 2229 1235 2288 soret
1248 2229 1283 2286 in
1300 2247 1384 2288 anno

285 2315 401 2375 luliano
416 2313 532 2392 primus
543 2311 644 2392 limes,
666 2313 851 2372 consuetudo
867 2313 1003 2374 admissa.
1032 2313 1129 2373 Gessit
1142 2313 1260 2372 Actiaca
1276 2312 1378 2371 victo-

283 2399 331 2462 ris
353 2399 470 2458 Caesari
494 2398 627 2476 Augusto
637 2441 646 2474 ,
674 2407 767 2478 prout
787 2397 963 2474 Africanus,
986 2397 1072 2458 euius
1092 2397 1164 2458 baec
1181 2396 1275 2458 verbs
1293 2406 1379 2474 aunt,

285 2493 393 2565 putat,
416 2481 602 2564 Olympiadis
618 2486 688 2550 187.
704 2503 783 2543 anno
797 2484 827 2549 4.
842 2492 910 2543 ante
924 2482 1034 2542 Christi
1053 2484 1180 2542 natalem
1200 2501 1312 2542 annum
1326 2485 1381 2548 28.

283 2569 389 2630 mundi
402 2569 495 2635 5472
511 2587 572 2646 quo
585 2567 705 2627 erratici
720 2567 792 2628 anni
806 2565 923 2644 Thotis,
944 2567 1008 2628 sive
1028 2567 1230 2648 principium,
1253 2567 1385 2646 Augusti

282 2653 394 2716 mensis
408 2653 487 2712 diem
501 2657 551 2718 29.
566 2653 741 2732 occupabat.
782 2653 860 2712 Exin
881 2653 1037 2732 utriusque
1059 2653 1132 2712 anni
1150 2653 1216 2713 dies
1236 2653 1329 2729 certi,
1352 2663 1385 2714 et

282 2739 390 2800 iisdem
408 2737 512 2817 spatiis
525 2757 542 2794 a
555 2737 726 2798 seinvicem
742 2737 854 2814 dissiti,
879 2737 940 2798 labi
960 2747 1131 2818 coeperunt.
1173 2737 1382 2798 verumenim-

284 2843 375 2898 vero,
396 2823 504 2884 vitiose
515 2821 623 2880 Iuliani
638 2823 710 2882 anni
724 2821 918 2904 dispositione
932 2843 970 2882 ex
982 2823 1107 2883 adiectis
1122 2822 1301 2902 quibusdam
1314 2823 1393 2882 die-¹

284 2907 342 2966 bus
356 2905 582 2966 intercalaribus
600 2907 758 2988 superfluis
772 2907 950 2986 Aegyptium
964 2929 980 2966 a
993 2909 1137 2968 mendoso
1154 2908 1268 2968 luliano
1283 2929 1384 2968 exor-

283 2989 380 3052 bitare
394 3001 532 3068 cogente,
555 2989 657 3052 eodem
672 2991 788 3052 Iuliano
804 2992 994 3072 postmodum
1009 2993 1172 3071 castigato,
1191 3001 1224 3054 et
1240 2991 1385 3075 Aegyptii

284 3073 387 3136 Thotlr
402 3075 440 3134 ad
454 3074 563 3136 mensis
577 3076 703 3156 Augusti
716 3082 768 3144 29.
783 3077 876 3146 diam,
900 3097 981 3158 quo,
1003 3079 1128 3138 subacta
1139 3081 1296 3159 Aegypto,
1318 3079 1385 3159 pri-

284 3181 368 3221 mum
391 3169 528 3237 steterat,
565 3171 728 3240 revocato,
758 3181 794 3220 ac
820 3161 939 3222 demum
965 3173 1087 3244 recepto
1114 3162 1154 3223 ad
1183 3163 1381 3224 accuratioris

284 3243 492 3308 Astronomias
501 3245 618 3325 regulas
630 3247 802 3307 intercalari
819 3247 882 3324 die,
904 3247 999 3307 fixum
1014 3248 1155 3330 deinceps
1170 3257 1203 3308 et
1223 3251 1379 3308 immotum

283 3331 400 3412 primus
414 3331 523 3390 mensis
539 3331 716 3411 Aegyptius,
740 3332 791 3392 cui
809 3331 910 3392 Thoth
928 3353 1052 3410 nomen,
1074 3339 1126 3401 29.
1150 3333 1280 3412 Augusti
1292 3331 1379 3414 prin·

175 3433 180 3443 ’
285 3413 402 3494 cipium
422 3415 562 3478 obtinuit.
605 3417 769 3478 Perfectum
788 3416 872 3478 illam
888 3423 919 3478 et
937 3419 1102 3479 absolutam
1123 3418 1286 3500 utriusque
1306 3415 1379 3477 anni

282 3497 505 3579 reparationem
532 3511 678 3561 memorat
704 3502 864 3562 Africanus
891 3502 1060 3564 institutam
1085 3503 1277 3584 Olympiadis
1306 3507 1379 3570 189.

284 3603 363 3644 anno
388 3583 496 3664 primo.
537 3575 580 3664 ἦν
597 3577 759 3668 Ὀλυμπιὰς
781 3581 863 3669 prad'.
884 3607 944 3667 quo
959 3589 1115 3671 superfluis
1133 3589 1257 3650 duobus
1274 3587 1379 3648 dicbus

282 3669 511 3731 intercalaribus
533 3667 671 3747 sublatis,
702 3671 827 3751 reliqui,
857 3681 892 3732 ut
918 3676 1082 3758 componito
1108 3673 1255 3756 deinceps
1275 3673 1383 3734 ordine

281 3755 490 3836 procederent,
505 3763 576 3816 aunt
589 3753 763 3832 instaurati,
785 3777 845 3836 quo
858 3757 962 3818 eodem
975 3779 1059 3820 aerae
1071 3757 1282 3820 Antiochense
1294 3779 1383 3839 quar-

280 3849 331 3900 tus
345 3841 395 3901 vel
406 3842 527 3920 quintus
544 3861 634 3922 supra
647 3840 822 3922 vigesimum
842 3844 1008 3924 completus
1029 3843 1260 3924 numerabatur,
1282 3845 1379 3904 idem-

282 3945 341 4028 que
358 3925 583 3986 intercalatione
598 3927 675 3986 iacta
691 3927 872 4008 conspicuus
892 3937 973 4008 erat,
995 3939 1024 3992 ot
1044 3929 1208 3991 bissextilis
1229 3928 1381 4008 audiebat,

280 4031 348 4088 ητις
365 4005 427 4090 nod
448 4005 482 4082 ς’.
507 4013 677 4074 Καλανδῶν
698 4013 848 4094 Μαρτίων
867 4010 944 4076 aurai
962 4011 1120 4095 Ἀντιοχεῖς
1140 4009 1196 4078 at‘.
1218 4013 1322 4096 ig'gdq:
1345 4033 1382 4072 ac

282 4093 404 4153 tandem
417 4095 469 4173 qui
482 4093 617 4156 effraenis
633 4105 663 4156 et
673 4095 782 4175 absque
794 4097 864 4176 iugo
876 4097 1031 4160 incedebat
1044 4099 1265 4180 Aegyptiorum
1281 4117 1379 4160 annus

283 4171 379 4236 fixum
393 4187 561 4258 statumque
573 4181 666 4256 diem,
688 4201 748 4261 quo
770 4181 918 4242 desineret
933 4192 964 4242 et
976 4195 1190 4262 renovaretur,
1211 4185 1247 4244 in
1260 4184 1378 4244 Iuliano

253 4279 256 4288 ’
282 4263 336 4393 tt
347 4256 1377 4435 retenta.ttltntsttttt'ttnttntt·stitit:
