2944 4716
287 295 363 381 oso
660 233 1009 374 corruunt-rouro¹

288 465 445 532 nobilitste
467 471 496 526 et
516 461 680 526 eruditione
702 459 912 544 spectatissimi
928 460 1036 520 fratres
1049 456 1176 520 Putesui
1193 459 1392 542 perhumsns

290 563 322 615 et
345 549 496 612 commode
518 557 738 628 suggesseruut:
761 556 793 608 et
813 547 933 608 demum
954 543 994 602 sd
1016 542 1200 606 desideratae
1221 548 1394 608 cuiuslibet

290 635 442 698 doctrinae
455 635 674 714 procurandam
692 631 887 692 secesionem
902 627 1050 690 recentius
1070 627 1188 707 quidem
1208 633 1391 711 syncellis-

287 741 343 783 nus
361 719 454 800 partis
469 727 646 778 memoretur
664 719 724 778 blS.
744 717 878 786 codicem
893 733 932 774 ex
951 713 1092 774 Vaticano
1108 731 1231 776 numero
1249 717 1330 782 154.
1354 725 1389 776 et

286 803 407 867 lsndsto
419 803 554 862 Psintino
568 811 816 883 transsumptum,
838 801 876 860 ad
893 818 948 860 nos
960 817 1054 876 usque
1069 796 1188 860 diversis
1204 801 1279 859 aliis
1303 822 1389 860 eon-

208 895 213 904 '
287 889 424 950 iunctum
446 887 559 968 publici
579 887 651 950 boni
676 886 907 960 amantissimus,
935 883 1086 961 magisque
1114 883 1193 942 bonis
1218 885 1386 961 omnibns,

288 993 377 1054 quam
393 972 449 1032 sibi
465 971 580 1052 optimo
594 973 706 1050 nivem,
722 981 775 1032 sut
790 968 960 1050 dignissimo
975 966 1031 1026 sibi
1043 967 1195 1046 possidens
1208 968 1387 1048 quidquam

287 1055 546 1122 Eminentissimus
566 1057 710 1118 Dominus
731 1054 895 1116 Cordinslis
917 1052 1094 1114 Franciscus
1112 1053 1280 1112 Barbetium
1301 1056 1383 1113 mit-

288 1142 413 1204 tendum
432 1141 558 1203 curavit.
598 1142 645 1201 Ex
664 1141 754 1218 Regio
778 1141 885 1218 igitur,
906 1146 996 1218 prout
1016 1134 1187 1216 hucusque,
1207 1157 1267 1198 cnm
1289 1139 1384 1200 Ber-

288 1227 407 1302 barino,
430 1227 643 1306 Perezisnoque
658 1225 750 1286 codd.
763 1225 887 1300 collato,
910 1231 1011 1282 nostrs
1030 1221 1172 1302 deinceps
1192 1223 1297 1298 versio,
1321 1224 1381 1282 vel

288 1313 410 1373 notulas
429 1311 601 1389 procedent.
644 1309 678 1368 ln
700 1309 760 1368 illis
781 1307 931 1391 praesenti
952 1305 1191 1386 chronologicos
1215 1318 1380 1388 posumus

287 1395 367 1478 perti
380 1393 552 1474 praefigitur
565 1395 691 1454 tituluet
1063 1394 1073 1412 ⁰

372 1480 522 1560 Πυρρίου
543 1483 600 1542 τοῦ
621 1467 836 1581 είλαβεστᾶτου
859 1479 992 1574 ροναροῦ
1012 1473 1063 1538 sol
1076 1473 1250 1556 Συγιίλίοο
1262 1471 1379 1580 mussi-

183 1613 187 1624 .
287 1583 340 1636 τος
358 1565 508 1645 Ταρασίου
519 1566 575 1626 τοῦ
592 1561 757 1646 ἆγιωτατου
773 1556 1016 1641 ’Λρχιεπτσποπου
1033 1563 1380 1637 unvammans„

289 1643 443 1724 σύνταξις,
465 1643 534 1728 ἤτοι
546 1649 749 1734 χρονογραφία
760 1646 793 1710 dv
806 1639 934 1730 ίπετόμρο
951 1637 1011 1708 circei
1025 1647 1079 1722 τῆς
1093 1646 1250 1724 βασιλείας
1259 1641 1380 1710 Ἰουλίου

288 1733 443 1814 Καίσαρος
458 1729 627 1813 Ῥωμαίων,
649 1733 731 1804 ίτους
751 1725 813 1794 α’πδ
833 1733 955 1804 κτίσεως
971 1723 1084 1808 κόσμου
1100 1725 1198 1813 pond.
1222 1730 1310 1814 μέχρι
1329 1736 1384 1810 τῆς

290 1819 441 1898 βασιλείας
460 1821 516 1878 τοῦ
544 1811 662 1898 προίτου
688 1816 772 1890 ἔτους
797 1817 1029 1892 montmoret·
1058 1808 1175 1894 κόσμου
1205 1815 1256 1897 inp
1277 1813 1385 1901 ,ruah

290 1899 371 1984 ὁμοῦ
384 1901 433 1981 len
447 1897 517 1982 spy'.
540 1895 702 1982 Πομπήϊος
715 1901 871 1984 πολιορκίᾳ
884 1893 996 1981 λαβοίυ.

372 1985 427 2048 Hie
443 1986 557 2046 ultimis
572 1986 670 2046 uerbis
689 1987 723 2044 in
736 1983 859 2044 huiusce
872 1993 961 2044 uotae
975 1982 1097 2044 titulum
1109 1983 1272 2066 assumptis
1287 2003 1385 2066 prse-

289 2069 385 2132 mittit
399 2069 529 2147 Scaliger
546 2091 576 2149 p.
590 2072 642 2134 59.
965 2123 971 2138 .

370 2151 528 2256 ,Αἰγύπτου
560 2151 611 2214 καί
643 2145 865 2235 Ἀλεξανδρείας
896 2150 1087 2236 ἐβασίλευσεν
1114 2145 1159 2217 θ’.
1186 2145 1386 2236 Ἀλέξανδρος

360 2259 388 2299 ι.
1458 2277 1459 2288 i

323 2397 331 2420 ί
371 2312 528 2424 Αίγύορτου
540 2313 823 2423 ααὶἈλεξαυδρείας
835 2319 1022 2403 ἐβασίλευσα
1036 2313 1066 2384 s'.
1089 2324 1266 2403 Πτολεμαῖος
1280 2325 1379 2386 Κλεο-

287 2405 607 2574 moudiqiiiiobobmsdl
630 2483 848 2575 Ἀλεξανδρείας
869 2488 1058 2574 ἐβασίλευσεν
1080 2484 1129 2554 ια’.
1158 2493 1344 2573 Πτολεμαῖος
1364 2487 1382 2556 δ

287 2569 453 2649 Διονύσιος
466 2573 516 2656 inp
531 2571 565 2638 λ’.

371 2659 452 2720 Haec
465 2671 549 2720 extrs
564 2657 661 2720 sedem
676 2657 772 2739 posits
787 2679 843 2720 nee
855 2657 920 2738 ipse
937 2659 1067 2738 Scaliger
1087 2657 1291 2720 inficiabitur:
1311 2661 1384 2722 Eu-

288 2744 370 2804 sebio
387 2745 554 2806 consentire
566 2744 720 2826 probabit,
743 2745 795 2825 qui
818 2745 927 2804 eisdem
946 2743 1065 2804 Eusebii
1087 2745 1201 2824 scriptu
1221 2765 1382 2824 compers-

288 2829 383 2890 vsrit:
405 2831 486 2909 quod
500 2829 675 2890 sententiam
685 2829 723 2887 ad
737 2849 803 2908 pag.
820 2833 891 2895 290.
907 2838 993 2890 notus
1004 2828 1136 2911 positam
1150 2849 1188 2888 ex
1200 2839 1284 2910 perte
1299 2850 1380 2889 oon-

288 2909 425 2990 firment,
446 2915 614 2974 nullatcnus
630 2914 760 2975 arbitror
775 2913 969 2994 repudianda.

373 2997 554 3080 Βρεττανοδς
564 2997 713 3080 Ῥωμαίοις
727 2995 879 3071 τίποτελεῖς
898 2989 1106 3079 καταστήσας]
1135 2997 1268 3058 stellulis
1286 2997 1384 3059 lacu-

288 3099 395 3142 narum
410 3083 489 3142 notis
502 3093 531 3142 ct
546 3085 659 3164 uliquid
672 3083 831 3144 desiderari
848 3083 1068 3162 suggerentibus
1083 3083 1263 3144 continuum
1283 3093 1313 3144 st
1327 3085 1385 3144 in-

288 3175 404 3245 tegrum
427 3169 571 3230 sermonis
588 3169 673 3228 filum
697 3163 847 3250 abrumpit
871 3168 1016 3247 Scsligerr
1039 3175 1070 3227 et
1090 3167 1270 3250 sibimetipsi
1288 3169 1381 3248 magia

290 3271 378 3328 quum
395 3251 520 3332 Georgio
534 3255 666 3314 delectus
685 3263 786 3314 notam
802 3253 907 3318 inurit.

373 3336 440 3412 Peg·
461 3341 533 3404 303.
557 3331 734 3419 Κλεοπάτρα
749 3337 800 3418 lup
815 3331 885 3418 νβ’.]
907 3335 1112 3415 barberinum,
1132 3336 1328 3412 Perezisnum,
1347 3345 1381 3397 et

287 3415 336 3478 bie
356 3417 443 3476 etiem
462 3421 588 3482 testibus
608 3423 792 3499 Palatinum,
814 3421 853 3480 sd
872 3422 952 3502 quod
974 3421 1092 3482 collatio
1115 3422 1198 3483 fucta
1214 3431 1272 3499 est,
1289 3421 1380 3481 suuis

289 3501 463 3582 Cleopatrae
478 3505 529 3570 25.
552 3507 736 3584 assignandis
760 3507 903 3566 concordi
920 3505 1091 3568 chorsctere
1105 3510 1290 3588 conspirant:
1310 3508 1382 3566 Re-

287 3585 368 3666 gium
385 3595 522 3648 nostrum
535 3593 585 3654 22.
595 3591 708 3670 putatis
723 3600 897 3652 contentum
910 3601 969 3652 esta
990 3600 1100 3652 cuncta
1115 3593 1202 3670 regni
1211 3595 1273 3654 eius
1283 3612 1382 3652 exor-

289 3673 339 3731 dis
357 3673 472 3752 vrrlgari
492 3673 597 3734 muudi
621 3695 699 3734 nuno
715 3677 808 3742 6446.
823 3675 1018 3736 devincienda
1033 3685 1192 3737 testentur.
1236 3679 1385 3738 Numerus

288 3766 416 3836 uterque
429 3758 509 3838 apud
528 3757 686 3838 Georgium
698 3757 846 3837 incertus,
867 3769 897 3820 et
913 3761 949 3820 sb
964 3781 998 3820 eo
1018 3772 1182 3822 secummet
1200 3764 1292 3822 variis
1306 3763 1385 3823 locis

289 3841 472 3904 colluctente
487 3844 627 3906 asseritur
639 3852 773 3921 uterque.
815 3843 950 3926 Inspice,
972 3843 1074 3916 sodes,
1095 3867 1163 3926 pag.
1181 3852 1255 3915 261.
1264 3849 1299 3908 Δ.
1311 3867 1385 3908 νεε-

288 3926 342 3986 bu:
365 3919 427 3990 oisod
452 3923 585 4010 ἑβδόμου
610 3927 695 4003 ίτους
712 3921 922 4012 Ἀλεξάνδρου,
944 3927 1000 4004 ἕως
1021 3923 1079 4011 νβ’.
1115 3927 1311 4016 Κλεοπάτρας
1333 3931 1387 4016 ἔτη

288 4003 448 4092 torosiore.
477 4013 582 4074 Annus
591 4013 754 4074 Alexandri
765 4014 910 4094 septimus
924 4013 950 4074 is
965 4023 1019 4092 est,
1041 4033 1102 4094 quo
1117 4015 1247 4076 decessit
1261 4039 1278 4077 e
1293 4017 1385 4086 vivis,

287 4103 379 4172 prout
395 4095 495 4155 eadem
515 4119 581 4176 psg.
605 4097 740 4159 decernit
753 4099 784 4158 G.
799 4097 902 4158 mundi
918 4098 1009 4165 5170.
1032 4119 1050 4157 Ι
1071 4119 1131 4178 quo
1153 4103 1385 4164 lercentetimus

288 4188 333 4234 est
344 4180 448 4274 rnuudi
464 4181 556 4248 6470.
572 4203 659 4262 quem
672 4202 821 4264 nusquam
836 4183 994 4264 Cleopatra
1007 4181 1043 4244 nb
1059 4205 1137 4244 anuo
1151 4186 1247 4254 6446.
1260 4209 1385 4266 regulum

288 4273 441 4339 suspicata
465 4266 578 4346 poterit
608 4267 774 4348 attingere,
795 4265 855 4329 nisi
871 4288 997 4352 regnans
1019 4287 1112 4332 annos
1138 4273 1189 4338 25.
1210 4273 1382 4334 emetistur:
