2860 4714
279 400 356 480 att
562 385 566 397 '
664 397 1014 472 anmnnurronus

279 561 410 650 τήκοντα
422 564 475 641 ἓξ,
495 560 547 626 aot
562 557 657 645 ἥμισυ
673 561 725 626 nai
737 560 852 643 ἡμέρας
866 559 954 640 diro,
975 560 1025 623 vel
1042 559 1155 626 iniero.
1174 558 1240 620 hoo
1254 561 1385 642 quidam,

186 710 189 721 ,
280 647 376 715 aiau'.
391 650 423 709 in
441 643 488 712 ια’.
504 657 687 712 commutare
710 649 788 708 iliud
805 643 832 711 ι’.
847 641 887 728 μ’.
902 649 936 707 id
950 657 1011 724 eat,
1028 641 1057 710 ι’.
1078 645 1195 729 ἡμέρας
1208 667 1323 708 oeaaeaa
1336 669 1384 707 ra.

279 735 463 822 ponendam.
492 735 623 813 Scaliger
638 735 797 814 exscripsit
811 751 878 813 pag.
896 739 926 799 7.
940 733 989 813 inp
1005 727 1059 805 νς’.
1075 725 1130 794 ro'.

367 816 487 902 Κρόνος
503 821 550 897 ἔτη
568 815 609 900 μ’.
625 818 677 882 noi
694 815 811 899 rimam]
836 817 965 879 Exhibet
976 819 1037 878 ttS.
1052 817 1177 895 Regium
1193 815 1245 896 ἔτη
1259 811 1298 896 μ’.
1315 811 1387 896 iipa-
1420 873 1421 894 ,

281 925 331 972 oe.
361 906 471 966 Reddit
485 904 683 986 Soaligardary
702 897 741 988 p'.
779 905 945 964 Medietatia
960 913 1062 964 uotam
1077 903 1159 963 hano
1174 919 1218 970 υ
1241 922 1304 962 aare
1321 903 1385 960 dia-
1420 907 1421 910 ’

282 989 446 1054 simularit.
836 1035 839 1043 .

365 1069 572 1156 Ἐβασίλευσεν
587 1067 705 1152 ’Ὄσιρις
716 1072 768 1136 nai
781 1069 879 1152 Ἶσις]
903 1072 998 1132 Oairia
1013 1072 1168 1154 Typhonia
1184 1073 1277 1132 trater
1295 1071 1332 1130 ab
1350 1093 1384 1132 eo

282 1161 344 1224 vit·
357 1181 507 1240 regnoque
520 1159 653 1239 privatur
669 1179 706 1218 ex
723 1159 850 1220 Euaehio
866 1157 920 1220 lib.
935 1165 963 1225 2.
980 1159 1018 1217 de
1032 1161 1135 1239 Praep.
1153 1159 1266 1237 Evang.
1279 1179 1343 1238 oap.
1358 1165 1385 1223 1.

280 1247 423 1318 incurata,
446 1255 523 1304 etex
538 1246 660 1323 synesio
678 1243 727 1302 lib.
746 1250 774 1310 1.
791 1245 828 1304 de
848 1245 1036 1304 Providentia
1057 1245 1112 1304 aab
1129 1244 1252 1302 initium
1269 1245 1384 1302 nulium

281 1331 388 1394 habuit
408 1332 488 1389 inter
507 1348 538 1388 ae
558 1331 738 1408 fratremque
757 1329 933 1410 Aegyptiaci
951 1329 1034 1408 regni
1049 1343 1268 1404 successorem,
1289 1349 1383 1407 quare

282 1415 435 1494 Anonymi
455 1413 542 1473 iatiua
557 1433 651 1473 annua
669 1415 754 1474 iaidia
770 1435 860 1492 regno
884 1421 951 1494 poat
973 1414 1032 1473 viri
1047 1424 1173 1474 mortem
1194 1435 1252 1473 uon
1271 1415 1384 1493 impru-
1420 1403 1421 1458 3

283 1503 389 1564 denter
409 1501 620 1578 assignavero,
642 1497 690 1564 ve]
713 1509 781 1580 port
803 1503 962 1559 Saturnum
984 1519 1082 1578 regem
1105 1508 1262 1578 quartum,
1282 1497 1384 1557 lovem

283 1587 440 1668 quintum,
462 1595 580 1644 aextutn
597 1585 724 1662 Oairiru,
747 1595 777 1645 et
791 1587 909 1644 tandem
924 1585 1082 1666 septimum
1094 1584 1272 1666 Typhonem
1290 1585 1385 1643 oolio-

283 1691 352 1732 care
375 1691 435 1730 non
456 1670 643 1731 dubitavero.
686 1671 714 1730 la
736 1681 779 1730 ert
801 1672 878 1730 enim
893 1672 1015 1730 illorum
1033 1671 1108 1730 ordo
1125 1673 1161 1728 ab
1175 1671 1304 1731 Euaebio
1320 1671 1387 1729 loeo

283 1757 375 1818 citato
396 1755 523 1817 relatur:
554 1765 583 1815 et
599 1755 736 1835 quamria
757 1757 871 1835 iupiter
892 1766 1075 1815 memoretur
1089 1756 1168 1815 inira
1183 1757 1254 1815 aede
1273 1757 1386 1815 decima

282 1852 383 1918 auxta,
405 1841 452 1901 nil
471 1849 570 1900 tamen
591 1841 734 1918 impedit,
758 1843 830 1922 quin
849 1841 930 1900 huno
949 1842 1121 1918 diversum,
1143 1852 1173 1900 et
1194 1853 1231 1900 ut
1244 1851 1385 1922 tempore,
1420 1867 1421 1872 ¹

281 1928 325 1989 ita
349 1935 510 2008 potestate,
537 1927 694 2003 dignitate,
723 1920 888 1986 honoribua
911 1926 1054 2008 maiorem
1083 1929 1282 1987 aeatimenrua.
1322 1927 1385 2006 Ty·

282 2013 413 2095 phonem
432 2031 550 2091 quoqne
568 2013 694 2070 Deorum
709 2013 844 2090 catalogo
864 2031 1021 2092 expungo,
1042 2031 1129 2092 quern
1146 2023 1251 2072 tenent
1268 2016 1385 2092 Aegyp-

282 2099 319 2159 tii
342 2098 618 2158 aceleratiaaiinum:
645 2097 785 2154 mandore
810 2097 923 2178 quippe
939 2097 1061 2177 aoripait
1081 2099 1233 2157 Librariua
1247 2097 1321 2178 περὶ
1337 2100 1386 2158 do·
1420 2147 1421 2152 ,

282 2187 430 2245 remearint
444 2176 491 2252 ις’.
505 2179 574 2259 ἤτοι
587 2183 672 2242 Θεῶν
684 2183 745 2242 τοῖν
758 2180 906 2260 μηδέποτε
919 2178 1084 2264 γεγονότων
1098 2179 1127 2258 ζ’.
1145 2183 1213 2242 vioe
1230 2175 1263 2257 ξ.
1275 2193 1393 2263 repono
1420 2193 1421 2256 j

284 2262 319 2339 ς’.
343 2263 460 2326 tuthor
481 2267 560 2324 eninr
575 2263 664 2322 habet
680 2265 806 2324 inseriae
826 2269 990 2328 emendate.
1007 2289 1039 2348 p.
1057 2277 1106 2334 41.
1123 2269 1155 2330 Β.
1169 2267 1221 2342 adr
1236 2269 1387 2348 βασιλείας

282 2355 345 2414 τοῖν
360 2344 436 2432 παρ’
453 2345 557 2424 σῦτσίς
571 2343 815 2429 βασιλευσόντων
829 2357 912 2414 θεῶν
927 2359 1040 2437 γενεῶν
1055 2346 1089 2424 ς’.
1104 2353 1137 2415 ἐν
1153 2353 1348 2427 δυναστείαις
1358 2347 1387 2424 ς’.

369 2435 544 2516 Αἰγυπτίων
560 2429 592 2507 ς’.
608 2433 824 2517 ἐβασίλευσεν]
850 2437 918 2496 Eiua
933 2457 1042 2497 nornen
1056 2447 1086 2496 et
1100 2459 1194 2497 annor
1207 2439 1239 2497 in
1253 2439 1388 2518 Exoerp·
1420 2451 1421 2518 ᾗ

282 2519 325 2582 tia
348 2519 463 2585 Latinia
483 2520 625 2599 Soahgeri
654 2523 772 2600 reperio
796 2541 863 2602 pag.
888 2527 938 2588 60.
963 2530 1041 2582 inter
1070 2525 1160 2582 verba
1184 2521 1270 2587 haee.
1318 2528 1386 2584 Post
1420 2519 1421 2554 ³

283 2606 367 2666 huno
382 2607 482 2666 Solem
498 2607 588 2684 {serti
604 2603 672 2686 (roei
684 2603 863 2692 Ἡφαίστου)
886 2629 937 2669 an.
953 2613 1003 2674 77.
1040 2609 1116 2666 Post
1132 2612 1229 2666 iatum
1244 2610 1386 2669 Oainori-
1420 2627 1421 2632 ¹

280 2695 341 2754 rim
358 2713 408 2752 on.
424 2693 497 2758 420.
540 2693 616 2752 Poat
631 2691 714 2749 huno
731 2693 813 2752 Oron
827 2693 1045 2751 Ptoliorolrum
1058 2715 1106 2756 an.
1123 2699 1175 2761 28.
1213 2695 1295 2753 Poet
1309 2696 1386 2753 dana
1420 2699 1421 2706 ’

196 2781 267 2842 Μ
288 2777 432 2858 ᾙγήοησ
451 2779 542 2837 onnia
561 2778 612 2842 45.
643 2777 777 2837 Obaer‘va
797 2777 878 2836 0rou
903 2777 1106 2838 Ptoiiarohum
1125 2781 1206 2839 inter
1225 2781 1338 2840 Oairiau
1357 2789 1387 2838 et

280 2863 457 2943 Typhonem
483 2861 632 2922 racanrari
655 2864 803 2922 madium:
834 2863 900 2937 Qua
921 2865 1038 2922 ratione
1061 2885 1210 2922 annorum
1228 2883 1386 2924 numerum

209 2983 211 2991 ·
282 2948 395 3007 Graeca
409 2959 438 3007 at
455 2948 558 3007 Latina
579 2957 722 3028 excerpta
738 2949 889 3009 divaraum
902 2949 1048 3022 reddant,
1070 2949 1248 3029 investigare
1267 2971 1332 3010 non
1345 2957 1387 3009 eat

280 3031 372 3093 huiua
388 3031 459 3094 loci.
589 3039 591 3044 ’

275 3187 276 3192 1
371 3121 419 3202 tp
437 3109 524 3202 ,amfl-
545 3115 669 3180 ἕσεστοῦ
683 3110 822 3200 κόσμον]
845 3117 1004 3178 Emendate
1022 3119 1112 3179 lectio
1129 3111 1236 3203 ,appffl
1420 3147 1421 3154 ν

365 3199 432 3281 1²³8·
449 3209 500 3270 20·
513 3200 696 3284 Ἧσερβῆνσι
709 3199 763 3265 τὸν
777 3201 985 3282 νασσνλυσμδν
1003 3204 1053 3284 ἔτη
1069 3199 1129 3284 td'.]
1147 3209 1234 3263 Anno
1249 3225 1267 3262 a
1283 3201 1387 3264 mundi

281 3285 405 3348 conditu
418 3291 508 3354 1187.
519 3287 795 3348 Mathuaaianaturn
804 3297 939 3348 atatuunt
947 3295 996 3356 70.
1020 3292 1213 3370 interpreter,
1222 3289 1385 3369 exindeque
1420 3283 1421 3314 ;

280 3391 374 3432 anuoa
388 3377 461 3440 969·
477 3374 666 3453 superstitem
685 3374 723 3432 ad
739 3393 850 3432 annum
869 3376 974 3432 mundi
993 3379 1085 3442 2756.
1105 3375 1213 3452 egisse:
1236 3375 1384 3434 diluvium

280 3457 396 3536 itaqua,
432 3461 513 3536 quod
539 3479 577 3518 ex
602 3477 705 3518 eorum
729 3460 853 3518 reiculis
875 3479 954 3518 anno
976 3463 1070 3528 2242.
1093 3461 1243 3518 mundum
1265 3461 1382 3534 deterit,

279 3543 366 3602 annia
395 3543 622 3620 quatuordecim
657 3545 821 3623 auperuvit.
873 3545 1039 3604 Abaurdurn
1069 3565 1141 3604 rane
1172 3557 1383 3614 eornmenturn,
1420 3585 1421 3592 1

280 3627 364 3710 quod
385 3627 457 3686 olim
478 3629 608 3687 famosae
623 3639 652 3689 et
668 3629 801 3689 omnium
821 3629 1019 3689 Ecoimiartnu
1036 3651 1087 3690 ore
1107 3631 1270 3692 ventilatae
1287 3632 1383 3710 diapu·
1420 3637 1421 3692 ἶ

279 3711 387 3774 tationi
403 3713 487 3772 dedit
499 3723 722 3792 argumentum
746 3715 923 3794 quibuadam
941 3716 1048 3774 Graeci
1064 3725 1166 3775 textua
1187 3737 1318 3776 errorem
1334 3735 1384 3772 aa·
1420 3707 1421 3790 i

280 3797 462 3876 terentibua,
485 3799 551 3858 aliia
572 3819 641 3859 curu
667 3801 849 3860 Graecorum
868 3813 932 3859 tum
956 3802 1126 3860 Latinorum
1147 3799 1313 3860 Mathusala
1334 3801 1382 3857 di·
1420 3803 1421 3848 i

280 3883 363 3946 luvio
387 3893 520 3964 ereptum
549 3885 807 3948 contendentibus.
850 3885 972 3946 Diraidii
994 3885 1167 3946 huiuamodi
1197 3897 1287 3946 testea
1314 3892 1382 3944 aunt

279 3967 481 4050 Hieronymua
497 3981 609 4050 quaeat.
634 3969 724 4032 idebr.
745 3973 776 4031 iu
793 3971 951 4048 Genesim,
970 3981 1000 4032 et
1014 3974 1200 4053 duguatiuua
1221 3974 1268 4039 15.
1285 3973 1324 4032 de
1338 3970 1381 4027 ci.
1420 3989 1421 3992 ¹

279 4054 333 4116 vit.
354 4057 406 4114 Dei
420 4075 486 4136 cap.
503 4061 552 4122 11.
569 4065 599 4115 et
615 4059 662 4121 18.

356 4136 432 4220 Ἒτνγ
450 4135 508 4221 αἱ]
532 4139 767 4214 Quatuordecirn
782 4139 930 4201 duntaxat
944 4161 1037 4201 annoa
1051 4139 1218 4200 hiathuaala
1234 4141 1380 4203 diluvium
1420 4189 1421 4220 γ

281 4225 461 4297 σισεσνίεσε,
490 4225 543 4304 qui
568 4231 619 4292 70.
663 4227 865 4306 interpretum
889 4237 1056 4308 aequantur
1078 4237 1219 4302 textum,
1249 4244 1379 4308 posuere,

281 4323 337 4364 nae
355 4307 514 4368 Africanua
535 4309 825 4388 quintumdecimum
841 4315 941 4393 potuit
960 4313 1133 4373 admitterer
1162 4314 1243 4371 unde
1260 4313 1378 4384 anuum,
1420 4369 1421 4372 ,

283 4405 356 4466 eur,
378 4407 448 4450 oum
459 4393 494 4451 iu
509 4401 599 4454 textu
612 4415 681 4477 pag.
696 4397 727 4463 4.
741 4407 807 4458 tum
821 4399 855 4458 in
869 4399 957 4460 Notio
972 4417 1039 4482 pag.
1051 4399 1124 4466 245.
1153 4397 1305 4476 Smtigero
1317 4394 1379 4475 pta-
1420 4471 1421 4476 η
