2888 4714
379 365 441 435 ET
460 365 816 440 ANNOTATIONES.
1070 357 1146 438 479

123 521 205 606 'Eser
215 519 267 592 ud.
282 527 340 590 sori
352 520 386 589 dl
397 517 510 605 eleana
522 518 652 623 'datium
675 523 890 588 Chaldaeorum
900 527 984 607 regni
997 527 1148 609 'prImiqna

51 631 153 674 eornm
177 613 258 691 regia
278 611 462 672 Nabonasari
482 629 613 690 primum
634 629 775 672 annania
791 613 906 691 vulgari
926 614 1033 674 mundi
1052 613 1148 680 4747.

49 699 271 778 auspicandum
284 706 389 756 monet
402 695 513 754 citatus
526 694 578 753 hic
590 693 663 762 424.
678 717 824 756 annorum
838 699 979 776 calculus,
999 699 1063 760 sive
1077 699 1147 760 Pto·

48 782 195 844 lemaicus
215 783 287 850 424.
311 799 458 841 annornm
480 781 597 854 Canon,
620 779 657 836 ab
673 801 740 841 aera
753 772 934 842 Nebonisari
951 804 1068 844 sumens
1088 784 1147 844 ini.

48 867 136 944 dum,
153 876 186 927 et
198 868 232 927 in
247 877 373 927 mortem
390 863 553 924 Alexandri
568 863 716 940 desinens,
731 866 888 924 insanum
901 867 1042 928 videlicet
1052 873 1145 936 6170.

48 973 139 1031 quare
157 953 266 1012 Canon
283 951 336 1011 ille
347 949 418 1018 424.
433 969 579 1010 annorum
600 969 618 1007 a
635 949 739 1009 raaudi
754 951 847 1016 4747.
861 951 988 1030 primam
1004 953 1146 1014 dacenses

48 1038 199 1115 originem
214 1035 345 1116 accepite
366 1034 549 1114 eundemque
562 1053 718 1094 nummum
730 1034 849 1095 Author
861 1035 926 1116 ipse
938 1035 975 1095 de
988 1036 1146 1097 Ptolemaei

49 1123 172 1182 Conone
198 1123 344 1182 disserens
363 1119 489 1180 inferius
503 1139 567 1199 pag.
587 1123 658 1186 206.
677 1121 710 1180 D.
726 1141 789 1180 non
811 1121 901 1180 semel
922 1122 1146 1200 conscripturus

49 1216 100 1267 eat.
120 1208 204 1268 Inde
216 1206 431 1266 Nabonasaraei
446 1206 508 1264 sive
516 1206 727 1266 Salmarrasaria
739 1205 822 1285 regni
832 1205 884 1272 25.
894 1205 1042 1266 duntaxat
1054 1225 1147 1266 annos

48 1311 188 1372 repono,
209 1309 354 1372 paresque
373 1289 492 1350 Author
507 1289 541 1348 in
553 1290 682 1350 Cenoma
698 1291 917 1370 Ecclesiastici,
939 1311 1028 1372 quern
1043 1292 1148 1372 saqui-

50 1385 112 1455 tur,
136 1377 241 1458 capite
254 1374 418 1436 conscribit
435 1395 502 1455 pag.
513 1379 585 1442 208.
601 1375 634 1434 D.

119 1457 217 1536 Ἥτις
231 1460 354 1544 γέγονεν
367 1452 521 1541 ἐρχομένῳ
533 1454 567 1532 ς’.
581 1457 638 1521 lses
651 1452 803 1538 Egeriam]
825 1459 915 1533 Quod
927 1461 1065 1542 frequens
1083 1460 1146 1521 ani·

50 1546 217 1622 meaverit,
238 1547 428 1626 importunus
441 1545 576 1620 inculco,
597 1542 761 1603 Aetherem
779 1544 870 1605 variis
890 1565 977 1606 usum
995 1547 1095 1622 libris,
1115 1554 1144 1606 et
1161 1543 1244 1604 ΠΙ

51 1631 237 1692 variantibus
244 1629 379 1690 admissis
393 1629 426 1688 in
442 1629 553 1709 scripta
563 1629 692 1688 numeris
708 1647 783 1709 opus
798 1629 970 1709 impolitum
983 1632 1147 1710 reliquisse.

49 1713 129 1776 ilinc
152 1735 295 1798 praesens
312 1714 494 1774 calculorum
512 1713 715 1794 perturbatio,
738 1723 768 1774 et
786 1715 933 1794 explosis,
953 1716 1006 1796 qui
1026 1716 1146 1776 demum

49 1811 214 1862 occurrunt
226 1800 382 1882 approbati
396 1799 533 1872 calculis,
554 1817 593 1858 ex
612 1799 673 1858 illis
689 1800 722 1857 in
734 1799 808 1858 istos
820 1799 1002 1860 desultorius
1016 1799 1147 1880 scripto·

48 1886 89 1944 ris
105 1887 238 1946 eiusdem
252 1886 394 1946 incessus.
430 1885 472 1942 Ut
491 1882 748 1962 igiturblanahem
766 1905 860 1944 annos
872 1885 1013 1945 nonnulli
1028 1885 1147 1945 codices

48 1969 212 2030 duodecim
232 1979 356 2052 patant,
386 1968 490 2028 etalii
513 1967 629 2044 deoesn;
660 1969 704 2029 ita
722 1967 836 2029 Phaeca
858 1991 951 2029 annos
972 1975 1020 2038 18.
1032 1970 1082 2032 vel
1094 1975 1146 2037 20.

48 2053 236 2131 quibusdam
255 2055 407 2116 codicibus
430 2053 664 2131 assignantibus,
692 2052 744 2112 alii
767 2075 836 2114 cum
858 2054 994 2116 hathone
1017 2055 1056 2115 ad
1076 2063 1146 2114 octo

48 2157 148 2282 tiu
163 2138 282 2285 1...
295 2159 448 2305 uae
460 2157 565 2283 tzar
586 2139 1147 2303 reiteratam-arretii

556 2265 567 2300 2

50 2305 152 2367 luerit.

125 2389 227 2455 '‘Eseos
242 2390 277 2455 dl
290 2387 352 2473 οἵ]
379 2394 479 2476 Tpsois
491 2389 630 2452 videlicet
652 2383 797 2466 δεόντων,
817 2391 916 2451 tribus
930 2393 1038 2454 minus.
1060 2393 1146 2454 lero-

51 2473 136 2536 boam
153 2478 266 2559 quippo
281 2477 449 2558 tyrannidis
464 2476 584 2536 initiam
599 2495 617 2532 a
630 2475 737 2534 mundi
750 2475 844 2542 4513.
857 2477 980 2536 ineunte
995 2477 1146 2537 numerari

53 2561 168 2642 coepit,
199 2573 228 2623 et
255 2563 344 2624 desiit
364 2582 487 2640 regnum
515 2560 609 2620 lsrael
632 2579 710 2619 anno
732 2581 748 2619 a
770 2559 876 2620 mundi
907 2561 1032 2622 conditu
1051 2561 1145 2627 4769.

53 2643 121 2706 Trea
139 2648 243 2728 itaque
261 2669 279 2707 a
300 2653 372 2718 260.
393 2647 609 2708 desiderantur.
649 2645 733 2704 idern
752 2643 930 2706 confirmant
950 2655 1041 2706 notae
1060 2645 1147 2703 info-

54 2746 151 2794 norea.

131 2811 220 2880 Karai
234 2815 268 2881 di
282 2815 436 2900 Εὐσέβιον
450 2809 564 2900 ,δυνὸ.]
586 2813 638 2874 Sic
649 2813 702 2874 ille
716 2823 894 2891 numeraret
914 2815 943 2874 Δ
956 2811 1063 2874 mundi
1076 2821 1146 2874 orta

57 2897 91 2958 at
105 2901 253 2964 Abraham
264 2903 341 2962 diem
355 2903 484 2964 natalem
498 2901 569 2962 anni
582 2899 675 2967 3184.
690 2899 937 2982 intercipiuntur,
956 2918 996 2960 ex
1008 2918 1069 2979 quo
1083 2908 1142 2961 ter-
1155 2894 1188 2951 1’·
1204 2896 1241 2954 57
1338 2925 1342 2939 ¹

55 2985 128 3048 mino
144 2989 187 3048 ad
201 2990 276 3048 Osee
290 2987 381 3048 finem
399 2993 490 3056 1270.
504 2996 659 3068 putantur.
701 2985 822 3044 ὃηωωι
836 2986 932 3054 4464.

132 3069 220 3157 Hpo'e
231 3070 267 3137 sd
281 3067 315 3146 ς’.
327 3067 480 3154 Ἐζεκίου]
499 3075 587 3133 Anno
601 3071 667 3131 ioas
683 3070 781 3152 primo
797 3071 831 3130 in
844 3069 948 3132 mundi
961 3067 1148 3149 superiorem

59 3167 173 3236 evecto,
195 3180 231 3219 eo
247 3157 330 3238 quod
345 3158 504 3219 Gotholiae
519 3175 665 3218 annorum
679 3161 711 3224 8.
722 3155 852 3238 spatium
866 3155 899 3215 in
913 3155 1023 3214 tabulis
1034 3154 1148 3215 vitiatis
1198 3181 1216 3216 a
1328 3175 1330 3182 ‘

58 3257 207 3321 perperam
223 3263 396 3304 concessum
411 3243 469 3319 sit,
489 3243 613 3304 Eseciae
624 3251 727 3302 sextus
744 3261 839 3301 annus
860 3240 957 3301 iniens
976 3238 1051 3300 Osee
1064 3259 1147 3300 nono

59 3323 174 3388 obeunti
187 3329 358 3410 respondet.
378 3329 547 3390 Recoleada
560 3347 635 3409 quae
649 3327 688 3386 ad
705 3323 863 3386 Gotboliao
875 3333 1000 3386 aetatem
1015 3323 1104 3392 diua.

100 3416 202 3555 ull‘ag.
224 3414 299 3482 205.
320 3409 488 3499 Ἆσορδᾶν]
511 3414 572 3490 Qui
591 3411 780 3476 asaraddon
793 3411 824 3479 4.
850 3413 966 3492 Regum
984 3411 1076 3494 capit.
1097 3413 1147 3480 19.

58 3507 84 3552 t·
133 3501 216 3563 timo.

133 3581 203 3668 Hoc*
217 3577 270 3657 ἧς’.
284 3583 358 3648 ἐτῶν
369 3578 626 3666 mateteriam-J
647 3581 758 3642 Everso
772 3579 965 3663 Sardanapali
978 3589 1076 3641 morte
1090 3579 1145 3638 hs-

59 3665 198 3739 tyriornm
212 3669 339 3752 imperio
356 3691 434 3730 anno
449 3669 543 3738 4675.
564 3668 752 3728 salmanasar
770 3677 869 3728 sutem
882 3666 964 3749 apud
980 3663 1144 3726 Chaldaeos

61 3764 128 3810 anno
151 3755 245 3821 4747.
264 3763 436 3835 reparante,
459 3756 512 3835 qui
534 3753 585 3830 fit,
606 3762 641 3812 ut
665 3752 744 3814 inter
760 3751 977 3813 Chaldaeorum
995 3749 1144 3827 incaptum

61 3827 221 3898 felicitatem
242 3849 272 3899 et
291 3839 480 3919 Assyriorum
497 3839 617 3900 ruinam
631 3838 733 3920 plures
747 3837 933 3918 septuaginta
948 3831 1063 3894 dnobus
1086 3849 1144 3888 an·

61 3931 108 3976 nos
121 3922 239 3983 luthor-
252 3925 426 3984 recenseat?
455 3925 553 4006 Ipsina
569 3923 785 3984 Chaldaeorum
797 3918 977 4004 reparatoris
989 3917 1145 3977 Salaram-

61 4017 102 4060 ω
114 4007 255 4068 nimirum
269 4029 364 4070 annos
378 4011 428 4078 26.
443 4019 741 4070 memoratorumero
753 4005 897 4066 includite
912 4001 1038 4064 undeet
1052 3999 1144 4059 Chal-
1251 4021 1256 4032 ·

62 4081 191 4152 daeorum
225 4111 329 4172 regum
359 4095 539 4156 laterculum
572 4115 589 4153 a
616 4093 749 4152 secundo
777 4109 880 4151 eorum
901 4087 994 4150 Nabio
1016 4085 1144 4150 interius

61 4185 118 4248 1³⁸8·
137 4181 210 4245 209.
229 4177 377 4241 instituit:
398 4181 495 4240 Unius
516 4199 589 4240 vero
606 4178 677 4237 anni
698 4175 842 4235 excedens
855 4173 968 4234 mentio
980 4191 1020 4232 ex
1034 4189 1069 4232 eo
1090 4178 1146 4248 eet,

62 4258 132 4330 qaod
148 4263 336 4325 Salmanasar
349 4285 428 4325 anno
445 4266 540 4332 4746.
560 4281 687 4345 reguum
706 4258 869 4343 suscepisse
889 4257 1021 4338 scriptus
1041 4254 1143 4333 faerit,

64 4335 95 4401 de
108 4363 165 4425 quo
179 4347 321 4412 nonnihil
333 4350 482 4433 supariaa
