2960 4716
493 371 792 444 nlsseuunulo.
1142 367 1191 448 19

92 527 194 614 primns
208 547 308 591 emus
319 527 444 592 Christi
460 529 518 604 site
537 551 566 612 p.
585 537 614 598 2
628 529 662 594 Δ.
679 531 715 592 Β.
733 551 764 610 p.
777 535 809 598 8.
822 529 893 612 list)
920 531 1024 613 ltaque
1039 532 1186 594 Genealo-

92 619 149 694 giae
159 615 299 677 Iudaicae
317 617 355 676 in
366 616 460 677 libris
476 615 590 676 Veteris
601 617 796 695 Testamenti,
818 639 893 698 quoe
913 638 930 678 a
953 618 1070 698 Spiritu
1085 629 1189 680 sancto
1243 653 1247 664 ·

89 701 204 760 inllatoa
217 721 284 760 eree
302 701 426 782 pluries
445 701 548 762 laudat
569 722 599 782 p.
618 702 650 768 4.
668 701 703 760 B.
728 702 762 762 G.
781 722 926 764 summam
942 701 1050 764 tribuit
1066 704 1191 784 diligen.

90 789 177 862 mm,
197 805 234 846 ac
255 784 494 866 chronologiae,
523 805 562 846 ex
580 784 629 846 his
654 787 853 868 compositae,
873 807 922 849 rea
945 795 1041 870 gestas
1062 789 1189 856 aliorum

90 872 271 952 populorum
283 880 432 951 tanquam
443 891 492 932 res
503 871 628 931 secundi
639 869 755 932 ordinis
773 873 902 935 subiicit.

170 955 287 1016 Primus
303 955 399 1036 igitur
418 965 449 1016 et
466 959 653 1037 praecipuus
661 959 751 1034 sone,
773 975 790 1018 e
809 977 869 1038 quo
889 957 1034 1038 Georgius
1051 957 1190 1020 Chrono-

93 1039 245 1122 grupbiam
266 1039 389 1118 bausit,
419 1050 465 1101 est
485 1039 509 1122 ἡ
529 1036 801 1117 θεόπνευστος
820 1039 970 1126 γραφὴ,
998 1041 1094 1106 τοτα
1120 1041 1190 1124 τήν
1236 1067 1240 1084 ·

94 1131 148 1188 τα·
154 1151 173 1190 ν
192 1121 216 1188 o'
232 1125 457 1208 ἑρμηνείαν.
500 1126 606 1186 ilarius
623 1127 701 1186 enim
718 1127 820 1188 Patres
835 1129 985 1189 Ecclesiae
997 1129 1114 1207 linguae
1127 1129 1191 1190 Ha-

93 1211 210 1271 braieae
223 1211 315 1291 periti
329 1221 432 1288 erant,
455 1220 485 1271 et
499 1231 677 1291 quamquam
692 1212 837 1291 Georgiua
852 1212 1061 1290 Genealogiain
1074 1233 1091 1273 e
1103 1215 1190 1276 libris
1310 1251 1313 1256 ,

93 1296 304 1356 Hebraeorum
321 1315 383 1356 non
403 1296 539 1375 negligit,
567 1305 668 1356 tamen
687 1298 798 1356 nullibi
818 1306 1025 1377 argumentum
1047 1299 1191 1380 occurrit,

93 1399 170 1440 eum
185 1381 304 1458 lbrguae
316 1381 479 1442 Hebraicae
493 1401 619 1460 gnarum
638 1382 737 1446 satine.
778 1383 887 1444 luserit
901 1381 1021 1464 quidem
1038 1383 1193 1444 interdum

95 1463 251 1526 versiones
271 1487 379 1526 vocum
399 1465 630 1544 Hebraicerum,
657 1475 692 1526 ut
710 1486 778 1547 pag.
797 1469 826 1534 6.
841 1469 877 1531 l).
920 1461 1014 1550 ’Λδοὲμ
1037 1462 1098 1531 α’νό
1121 1487 1193 1532 anau

96 1547 206 1624 Etru,
227 1546 458 1632 tenendam
477 1545 552 1632 tots
572 1571 641 1632 Pte·
663 1556 712 1618 1⁰·
731 1551 763 1612 ⁰·
785 1546 980 1634 §oenomaus
995 1549 1051 1636 οὖν
1066 1551 1085 1618 0‘
1099 1494 1193 1630 beel,

93 1633 207 1698 αόανελ
227 1631 411 1718 ἅνθρωπος,
431 1632 508 1698 κατὰ
526 1633 578 1700 τον
596 1632 755 1737 litigatorie
773 1641 869 1715 νοῦνς
895 1659 928 1720 p·
952 1640 1002 1704 15.
1019 1639 1052 1697 B.
1074 1639 1118 1713 aig
1134 1645 1193 1722 γῆν

92 1718 286 1801 καλουμένην
299 1717 378 1796 Nil,
394 1717 463 1801 ἥτις·
473 1727 727 1803 μεθερμηνευεται
737 1719 905 1804 τρίμοαααε
926 1741 965 1782 ex
976 1721 1023 1781 hie
1035 1723 1108 1803 ipsis
1120 1743 1193 1786 vero

92 1806 286 1866 veraienibue
305 1807 495 1886 meximeque
517 1808 672 1866 eratione
696 1806 810 1866 citandi
832 1800 1053 1890 (ἑρμηνεύεται)
1075 1809 1195 1886 colligo,

97 1891 261 1968 Georgium
280 1899 413 1952 caeteros
431 1889 582 1950 Ecclesiae
594 1897 694 1971 patrea
716 1891 875 1950 intellectu
896 1892 1015 1970 linguae
1032 1891 1197 1952 Hebraicae

97 1995 164 2035 nen
185 1993 346 2056 superasse.
391 1976 545 2050 (Conferte
559 1975 696 2056 inprimis
716 1995 782 2055 pag.
797 1979 850 2042 87.
865 1975 897 2034 G.
920 1972 1069 2058 Nrpppoib
1083 1973 1196 2058 ἤρξατο

96 2056 178 2122 εἶναι
191 2063 232 2142 yl
238 2083 306 2144 pne
317 2057 369 2122 tut
382 2063 437 2139 τῆς
451 2064 508 2142 γῆς
519 2065 623 2139 nul.)
639 2059 742 2140 Neque
755 2070 866 2120 temere
873 2061 1042 2121 versionem
1052 2061 1196 2122 Graecam

96 2149 156 2208 τόν
172 2167 189 2208 ο
211 2145 300 2225 aequi
314 2144 371 2204 eibi
381 2147 512 2206 ridetur.
553 2145 628 2206 Nam
642 2147 710 2204 Deo
725 2147 896 2225 inepirante
913 2141 927 2230 (
934 2145 1076 2233 ἐπιπνοίᾳ
1095 2145 1196 2227 Θεοῦ)

13 2287 14 2292 ,
96 2239 194 2290 totum
213 2239 332 2290 textum
344 2229 525 2291 llebraiensn
541 2229 752 2310 interpretatos
765 2249 827 2291 ease
843 2250 859 2290 e
874 2230 952 2290 libro
963 2231 1088 2291 Aristaei
1101 2241 1130 2291 et
1145 2233 1196 2291 lo·

98 2314 192 2394 sepbo
206 2337 238 2397 p.
250 2321 325 2382 272.
342 2315 374 2377 C.
388 2325 502 2391 namt,
522 2323 558 2373 ut
569 2316 752 2376 Ptolemaeus
765 2313 976 2396 Philadelphus
988 2325 1017 2378 et
1031 2317 1196 2376 Demetrius

97 2399 254 2462 Phalereus
266 2409 297 2458 et
311 2400 401 2460 multi
413 2400 465 2459 alii
479 2399 687 2480 sapientissimi
700 2399 989 2478 Alexandrinorum,
1013 2401 1198 2482 interpreta-

98 2486 181 2545 tione
203 2486 353 2566 perlecta,
383 2483 467 2544 bunc
487 2485 584 2545 solum
603 2485 713 2546 librum
734 2505 750 2544 a
771 2486 824 2546 Dei
845 2486 954 2565 spiritu
976 2486 1115 2548 inflatum
1135 2505 1197 2545 esse

103 2570 315 2631 contusione.
331 2566 361 2654 ⁸)
376 2601 420 2618 -
439 2569 516 2630 Tum
528 2591 668 2631 numeros
684 2570 822 2630 codicum
837 2570 1054 2631 Hebraicorum
1068 2573 1198 2628 minores

106 2654 240 2714 omnbus
254 2654 475 2715 lliatoaicorum
486 2656 665 2716 testimoniis
684 2654 897 2715 contradicere.
938 2653 994 2714 His
1014 2655 1093 2713 enim
1115 2675 1199 2714 acce·

100 2739 164 2820 ptis
185 2738 330 2798 editurio
343 2759 440 2818 usqne
452 2741 491 2799 ad
513 2739 660 2800 Abraham
678 2757 773 2798 annos
794 2738 983 2798 solummodo
1001 2743 1065 2805 292
1080 2739 1196 2818 colligi3

98 2825 251 2903 Noenque
266 2841 351 2901 ergo,
383 2823 438 2902 qni
457 2825 543 2884 annis
562 2827 627 2890 850
647 2823 764 2882 diluvio
777 2823 974 2901 superfuerit,
994 2823 1088 2882 vitam
1105 2841 1199 2903 usqua

100 2909 141 2968 ael
153 2912 195 2976 58
207 2927 321 2967 annum
332 2905 469 2968 Abrabae
483 2907 671 2988 produxime.
687 2935 727 2954 -
750 2907 881 2986 Denique
894 2907 1116 2986 antiquissimos
1129 2910 1199 2969 illoe

99 2992 260 3054 bominum
272 2992 421 3071 longioris
433 2993 500 3052 aevi
514 2993 614 3068 luisse,
631 3000 667 3052 nt
677 2989 796 3070 longius
809 2993 954 3073 temporie
966 2992 1105 3073 spatium,
1124 3014 1201 3074 pro·

102 3079 267 3138 mentiones
288 3077 423 3138 liliorum
445 3078 628 3158 procedens,
650 3077 772 3156 magite
790 3085 897 3136 natura
912 3095 1014 3137 rerum
1032 3076 1086 3153 sit,
1109 3096 1201 3157 quam

100 3163 235 3224 brevius.
278 3163 479 3237 Quamobrem
493 3162 623 3224 minores
636 3181 785 3222 annorum
799 3181 956 3237 numeros,
977 3161 1011 3219 in
1031 3161 1117 3221 librie
1136 3161 1201 3220 He-

99 3249 213 3310 braicis
228 3259 298 3308 ante
313 3247 444 3308 liliorum
464 3249 699 3327 procreationem
724 3255 923 3328 computatos,
942 3246 979 3304 ab
996 3244 1071 3326 ipsis
1086 3247 1200 3308 ludaeis

102 3334 289 3411 excogitatos
313 3353 376 3392 eene
394 3331 541 3410 Georgius
555 3332 742 3414 suspicatur,
764 3343 800 3391 ut
819 3331 1008 3412 praeconium
1027 3331 1202 3412 nuptiarum

101 3419 255 3478 licentiam
275 3418 423 3480 nonnulla
440 3417 599 3479 habuerint
619 3417 797 3479 auctoritate
818 3415 980 3477 munitamr
1008 3433 1075 3498 pag.
1097 3417 1147 3483 84.
1168 3419 1202 3480 G.

101 3504 160 3578 D.,
183 3523 248 3583 pag.
265 3507 316 3570 89.
332 3505 365 3566 B.
383 3505 415 3566 c.
432 3499 461 3587 θ)

139 3617 174 3687 7)
191 3619 253 3686 Pag-
265 3619 325 3672 321.
338 3617 370 3671 B.
388 3633 486 3672 omnem
499 3613 573 3670 buius
585 3615 676 3688 scripti
691 3615 803 3672 laborem
825 3633 879 3670 eam
895 3615 929 3670 ob
943 3631 1045 3671 eausam
1058 3621 1203 3690 susceptum

174 3703 232 3739 erae
249 3693 351 3768 narret,
369 3697 399 3741 ut
414 3687 547 3750 ostendat,
569 3685 651 3751 diem,
673 3703 724 3755 quo
744 3693 820 3768 terra,
837 3691 926 3739 creata
944 3685 995 3750 eit,
1011 3685 1125 3768 eumdem
1145 3703 1203 3740 eoae

174 3756 242 3808 diem
252 3773 330 3822 mrnr,
347 3773 397 3826 quo
413 3763 503 3810 nanus
521 3755 603 3824 Virgo
621 3756 699 3808 lilium
718 3755 875 3825 unigenitum
889 3755 939 3807 Dei
953 3763 1115 3824 concepent,
1133 3769 1204 3808 eum·

175 3823 231 3878 dm
249 3843 292 3892 ne,
310 3843 361 3896 qno
372 3827 492 3878 Chriatus
504 3821 637 3877 emortuia
649 3824 829 3888 resurrexerit,
844 3841 936 3892 nempe
947 3831 1065 3876 omanem
1076 3823 1204 3878 calendae

176 3894 239 3964 Apri
278 3932 285 3948 .
369 3893 401 3963 8)
421 3893 481 3948 Heu
521 3911 563 3976 ag.
581 3895 639 3948 272.
658 3895 689 3946 C.
714 3891 845 3964 corrigant
870 3889 1078 3962 ἐξελιπάοηοενς
1101 3892 1133 3945 D.
1156 3891 1206 3950 eat
1308 3939 1312 3950 .

179 3963 329 4048 Θεοδέκτης
341 3960 484 4048 conpescite
500 3911 593 4031 ibgttur
603 3961 651 4017 saul
668 3961 817 4085 Θῧοόδεετος
834 3960 985 4032 στρατηγός
987 4027 1000 4086 ἐ
1025 3959 1143 4046 conferes
1157 3977 1205 4014 ve-

177 4031 329 4157 burnheim
339 4031 646 4171 pppqpfflssaeup.
655 4031 969 4171 riap’aeeetaffiiviseloi'
981 4029 1208 4166 &maximi

177 4172 325 4244 βασιλικοῖς
338 4169 459 4242 χρήμασι
479 4171 518 4234 εἰς
535 4169 588 4240 τὴν
604 4165 760 4226 lovinion
775 4169 1000 4238 ἐξατεοτάληααν.
1079 4165 1112 4236 9)
1133 4167 1209 4222 Heeo

176 4255 235 4312 geg.
247 4246 291 4301 89.
309 4241 368 4328 eine
384 4250 444 4295 sunt
463 4241 559 4294 verba:
577 4247 671 4312 „quum
690 4241 700 4294 i
718 4241 771 4324 :tur
786 4241 855 4318 inter
873 4240 968 4293 rotatio
982 4235 1039 4290 teir
1051 4231 1075 4284 θ’
1090 4253 1121 4288 ex
1139 4237 1209 4318 eopi-

176 4327 232 4383 φο,
248 4321 280 4368 nt
291 4312 411 4376 videtur,
429 4317 457 4363 et
469 4326 520 4364 non
530 4321 656 4380 perverse
668 4327 698 4363 co
717 4327 758 4364 tce
769 4311 899 4362 flebmeo
913 4305 1033 4362 natanta
1046 4309 1099 4367 eet3
1117 4310 1208 4356 mento

174 4382 256 4439 ublrie
268 4381 321 4438 bac
335 4379 377 4435 uei
394 4395 481 4435 mnes
491 4379 519 4434 in
529 4379 660 4452 praesenti
672 4377 901 4450 chronographia3
917 4371 1070 4448 praeuertin
1087 4385 1162 4442 quun
1182 4375 1209 4422 et
