2888 4714
278 395 354 472 486
647 400 991 473 ΕΜΕΝΒΑΤΙΟΝἙΒ

278 564 381 644 utique
400 562 433 624 in
447 559 550 640 mandi
564 560 657 629 4880.
670 559 750 636 lixo,
771 569 879 640 quarto
894 559 928 620 in
940 559 1073 621 eiusdem
1085 559 1195 620 mundi
1210 559 1308 628 4883.
1340 561 1395 620 sic

276 649 399 728 eolligit.
440 647 589 710 Amundi
608 647 702 714 4883.
724 665 783 726 quo
797 647 906 705 loeaim
919 665 1014 705 annus
1027 655 1155 724 quartus
1165 645 1240 722 init,
1262 646 1394 724 reliqui

276 743 347 794 sunt
369 733 499 794 eiusdem
519 718 635 792 ¹loacim
651 729 722 790 anni
743 739 826 792 octo:
855 731 919 812 ipse
935 731 1080 810 siquidem
1098 739 1218 812 quartus
1236 729 1289 788 dat
1310 731 1388 790 soti

275 837 398 878 numero
417 817 615 898 principium:
642 815 797 876 lechoniae
812 827 873 876 tres
891 816 948 876 soli
968 835 1082 874 mensas
1107 809 1214 899 (habita
1233 815 1388 874 maxime

274 903 397 966 alterius
420 901 592 977 leobanius,
619 901 674 982 qui
694 899 835 978 loaehaa,
864 901 954 960 trium
977 899 1125 960 mensium
1148 899 1305 976 memoria,
1341 910 1386 960 et

275 1007 340 1050 eam
356 987 394 1048 ob
411 1007 476 1050 rem
490 987 627 1068 scripsit,
646 988 709 1048 rain
721 981 778 1050 δύο
789 983 933 1066 Ἰεχονὶων
950 983 1071 1066 barb)
1094 985 1125 1044 ia
1141 985 1380 1062 commorunt,

276 1083 307 1132 et
318 1093 430 1132 annum
450 1089 626 1152 componere
642 1071 850 1130 aestimantura
873 1069 1008 1130 Sedeoiss
1022 1078 1186 1148 sequuntur
1203 1069 1376 1128 undecim:

275 1155 551 1231 Nabuchodonosor
567 1155 618 1224 24·
639 1153 802 1216 Merodaeb
815 1153 960 1234 quinque,
983 1155 1118 1214 baltasar
1132 1164 1206 1228 tres,
1225 1153 1378 1232 Astyagis

277 1244 498 1324 septemdecim:
522 1241 593 1320 Cyri
605 1259 698 1299 uuus:
719 1259 833 1300 summa
847 1245 897 1306 70.
913 1261 930 1299 a
945 1239 1050 1300 muudi
1065 1240 1161 1306 4883.
1176 1238 1315 1317 incipiens
1331 1249 1375 1297 at

277 1327 311 1388 iu
335 1327 437 1388 muudi
460 1326 553 1394 4925.
574 1324 719 1385 desinaus.
754 1318 865 1386 isonia
886 1345 924 1384 ax
944 1325 1050 1384 vitioso
1073 1323 1192 1382 calculo
1215 1342 1371 1401 emugene

276 1411 445 1474 declaratur
457 1409 489 1470 in
503 1409 582 1470 notis
596 1409 634 1469 ad
646 1421 716 1490 pag-¹
725 1413 798 1476 220.
817 1417 847 1468 et
860 1415 931 1478 221.
949 1408 1123 1468 scribendis.

364 1491 405 1558 Ti
423 1489 455 1558 δ’
470 1487 607 1580 uirisy'.
623 1493 710 1574 irae]
733 1493 979 1574 Septuagenarius
999 1493 1164 1553 Hebraioae
1186 1492 1371 1574 captivitatis

275 1597 418 1640 nummus
436 1599 499 1639 non
513 1601 573 1639 uno
588 1579 677 1640 modo
693 1579 861 1640 intellectus
878 1579 1033 1638 distraetus
1047 1599 1064 1635 a
1076 1598 1110 1636 se
1124 1577 1257 1636 invican
1268 1575 1372 1637 ebro-

275 1665 485 1744 nologorumo
507 1665 621 1725 iniones
644 1664 784 1724 conciliat
799 1664 877 1744 apud
895 1663 1022 1724 recentis
1041 1662 1186 1738 editionis
1203 1661 1370 1739 authorem,

277 1749 362 1808 cuius
375 1770 450 1830 opus
462 1686 577 1810 Pbarus
593 1759 637 1809 est
650 1749 793 1810 historiae
808 1767 918 1812 saone.
950 1747 1082 1824 Videris,
1104 1747 1148 1806 ait
1162 1747 1229 1822 illo,
1251 1747 1376 1828 dialogo

278 1833 328 1892 cui
353 1855 461 1894 nomen
475 1833 699 1912 Babyloniam,
721 1853 808 1912 quam
831 1833 976 1894 concinna
989 1841 1054 1893 tota
1072 1831 1257 1912 captivitatis
1272 1833 1381 1892 Obro-

276 1919 395 1998 nologia
410 1939 465 1999 per
475 1918 629 1980 sabbatum
645 1917 742 1978 decies
752 1917 945 1998 replicatum,
966 1917 998 1978 id
1012 1925 1057 1976 est
1070 1937 1126 1998 par
1139 1937 1234 1975 annos
1247 1927 1378 1996 septua-

276 2003 372 2082 ginta,
393 2005 580 2084 processerit.
620 2001 785 2064 Hieremias
797 2001 877 2061 iuter
890 2011 1020 2062 caeteros
1041 2001 1209 2082 Prophetas
1225 2011 1375 2081 tauquam

275 2088 433 2167 peculiaris
456 2088 509 2146 Dei
526 2087 675 2161 minister,
704 2086 978 2167 praeuanoiandam
1005 2088 1118 2167 populo
1143 2087 1259 2146 cladem
1282 2089 1379 2148 enixe

273 2171 452 2250 proprieque
463 2171 601 2250 suscepit.
643 2169 739 2248 Elegit
752 2170 897 2232 Dominus
912 2171 1062 2234 Christum
1080 2191 1171 2234 suum
1187 2173 1316 2251 Cyrum,
1340 2183 1377 2232 et

273 2251 1259 2423 tztttttffll,ttttstttt‘fflttttttttt‘tt
1278 2261 1374 2401 3:3⁵2

272 2419 366 2482 loaiae
391 2422 627 2504 decimotertio,
650 2445 709 2504 quo
732 2425 894 2488 Hieremias
918 2427 1030 2506 virgam
1041 2425 1215 2504 vigilantem
1229 2427 1369 2486 stollam

273 2525 445 2566 succensam
458 2507 547 2584 vidit,
567 2509 843 2590 impendentemqus
855 2511 966 2592 populo
981 2511 1178 2574 calamitatem
1194 2511 1371 2592 praedioare

275 2593 386 2670 coepit,
408 2591 447 2652 ad
461 2593 589 2672 Cyrum,
613 2595 684 2654 anni
697 2595 877 2675 septuaginta
892 2607 1096 2660 numerantur.
1138 2596 1167 2656 Δ
1183 2597 1269 2655 tertio
1283 2617 1373 2657 anno

274 2675 411 2753 loacimi,
439 2697 497 2756 quo
519 2677 657 2758 captivus
675 2681 857 2759 Babylonem
879 2681 1027 2740 abductus
1049 2692 1111 2758 ast,
1139 2681 1325 2741 adsalutem
1347 2707 1381 2746 a-

274 2761 352 2839 Cyru
369 2763 588 2842 captivitatem,
609 2764 679 2824 enni
689 2765 883 2845 septuaginta.
925 2765 950 2826 Δ
975 2766 1232 2844 transmigratione
1255 2767 1368 2826 laclia.

273 2847 354 2921 nias,
376 2856 410 2906 ut
425 2846 497 2907 mibi
512 2847 780 2928 probabilissimum
796 2849 935 2928 videtur,
957 2851 995 2909 ad
1009 2851 1141 2912 Estheris
1156 2850 1288 2930 nuptias,
1311 2853 1369 2911 al-

273 2938 371 2988 terum
387 2931 532 2992 libertatis
549 2932 682 2994 Iudaicae
697 2943 788 3013 caput
803 2935 873 2994 anni
888 2935 1082 3016 septuaginta.
1125 2937 1148 2996 l
1168 2935 1270 3015 templi
1286 2957 1372 2998 con-

268 3013 461 3091 flagratione,
483 3017 521 3076 ad
542 3037 650 3078 annum
669 3017 750 3078 ilarii
766 3019 946 3094 secundum,
966 3039 1025 3099 quo
1044 3022 1189 3101 templum
1209 3021 1372 3084 aedificari
1438 3047 1439 3079 t

275 3096 373 3154 denuo
388 3102 504 3180 coepit,
526 3101 597 3161 unni
619 3102 813 3182 septuaginta.
856 3105 882 3164 Δ
903 3105 1146 3166 vicesimotertio
1161 3106 1370 3168 Nabuchodo-

272 3181 390 3240 nosoria
404 3205 492 3261 aristo,
508 3205 568 3265 quo
583 3187 708 3266 contigit
721 3189 853 3248 omnium
867 3199 1014 3268 postrema
1023 3191 1190 3270 eaptivitas,
1205 3192 1244 3251 ad
1258 3195 1368 3274 templi

272 3266 520 3330 substructionem
536 3291 614 3332 anno
631 3271 711 3332 Darii
727 3283 811 3332 sexto
827 3275 1004 3354 perlectam,
1025 3277 1096 3336 anni
1111 3277 1244 3338 totidem.
1270 3277 1367 3336 Toti-
1436 3299 1437 3371 p

274 3349 398 3428 demque
413 3373 430 3410 e
451 3355 566 3434 nuptiis
583 3355 713 3420 Estheria
726 3358 764 3416 ad
778 3379 891 3418 annum
908 3359 1065 3439 septimum
1082 3360 1256 3422 Artaxerxis
1274 3362 1367 3420 lmu-

273 3433 401 3510 gimani,
424 3457 485 3514 quo
499 3459 587 3538 anuo·
597 3442 704 3502 missus
718 3452 763 3502 est
775 3441 807 3502 in
823 3444 960 3504 lutlaeaur
974 3445 1084 3504 Esdras
1097 3465 1166 3505 eum
1181 3446 1366 3527 amplissima
1435 3427 1436 3519 i

271 3525 1365 3679 bittit}ttttbtattf‘t‘ttttltttfttttttttt

273 3699 302 3747 et
314 3689 489 3750 curatoribus
503 3693 723 3754 etlauitoribus
736 3705 765 3755 st
776 3698 899 3778 reliquis
911 3699 1015 3780 templi
1028 3699 1172 3760 ministris
1185 3703 1303 3762 indulta
1316 3713 1367 3763 est

272 3773 424 3852 vectigalis
446 3775 551 3836 tributi
569 3787 598 3837 at
619 3797 753 3840 annonas
771 3781 952 3847 immunitas.
992 3784 1040 3844 ts
1059 3802 1139 3845 anuo
1161 3788 1243 3846 Darii
1264 3797 1364 3864 sexto,
1432 3811 1433 3818 ³

271 3878 329 3934 quo
350 3861 496 3940 templum
516 3863 709 3924 instauratum
730 3875 788 3944 est,
819 3869 858 3928 ad
876 3868 1051 3930 vicesimus
1074 3869 1266 3947 Artaxerxis,
1298 3891 1363 3952 quo

271 3944 549 4040 m·uri·llierusaleu1
564 3947 688 4008 eisatrix
702 3949 905 4028 obducunt,
927 3960 958 4020 2.
979 3954 1048 4014 Esd.
1069 3975 1136 4036 oap.
1157 3958 1188 4024 4.
1209 3958 1281 4016 anui
1301 3959 1364 4018 Ds-

268 4045 307 4086 ru
322 4030 442 4106 triginta
456 4044 629 4112 supersunt,
650 4035 760 4094 Xerxis
773 4037 887 4114 viginti,
909 4039 1083 4100 Artaxerxis
1094 4041 1238 4118 totidem,
1261 4065 1276 4103 e
1291 4045 1363 4124 qui-

270 4111 326 4169 bus
344 4113 368 4170 si
383 4113 537 4176 bomadem
551 4138 639 4177 uuam
652 4119 828 4180 oonllnveris
837 4167 845 4197 ,
868 4121 991 4182 omniuo
1012 4125 1199 4204 septuaginta
1214 4129 1361 4206 colligen-

270 4202 329 4252 tur.
373 4195 461 4293 Vides
480 4201 589 4277 igitur,
611 4213 676 4264 tum
697 4207 885 4283 servitutem,
908 4217 971 4266 tum
987 4209 1169 4284 libertatem,
1192 4233 1249 4292 per
1268 4235 1358 4274 anuos

271 4285 455 4368 septuaginta
469 4285 638 4346 decurrere:
661 4297 694 4347 ut
707 4291 906 4370 compleretur
918 4313 1015 4354 suino
1033 4295 1152 4354 Domini
1166 4317 1205 4354 aa
1218 4319 1272 4358 ora
1285 4299 1356 4356 llis.

270 4375 395 4417 reniteat
422 4375 450 4422 et
472 4369 631 4430 celebrares
652 4381 733 4437 terra
753 4375 882 4438 sabbata
905 4399 981 4438 sua:
1011 4381 1128 4440 cunctis
1150 4381 1229 4442 euim
1254 4381 1355 4445 diebus
