2806 4718
290 352 366 426 282
642 351 826 424 GEORGII
846 348 1055 420 SYNCELLI

292 523 358 574 tnta
367 511 509 592 dignitate
522 511 654 592 quinque
666 531 756 592 supra
769 509 884 590 viginti,
893 507 1037 588 Martyrio
1051 507 1373 572 sublatumrel'erentn

292 597 485 659 animadverti
500 597 605 676 pagina
629 601 701 663 889.
723 598 756 660 l).
782 616 820 654 ex
841 616 898 675 quo
921 593 983 654 eius
1002 595 1035 654 in
1051 595 1160 655 Urbem
1175 595 1333 656 adventum
1347 606 1373 656 et

289 682 483 745 Pontificatus
498 681 657 762 primordia
673 681 864 760 invulgarem
876 678 1004 738 emundi
1014 680 1372 748 conpensationem

289 767 382 828 natali
396 768 446 832 41.
457 767 571 826 Claudii
582 767 755 848 imperantis
766 785 878 824 annum
890 763 1055 824 secundum
1069 786 1087 824 a
1099 785 1146 824 rue
1159 766 1292 826 coniecta
1305 787 1370 845 pro-

289 853 387 926 babit,
410 851 461 931 qui
471 861 619 932 receptam
635 851 888 928 chronologorum
905 849 942 908 de
954 851 1033 908 Petri
1052 851 1136 910 annis
1154 861 1185 910 et
1202 851 1371 910 Pontificatu

289 937 465 996 sententiam
479 938 569 997 luerit
583 945 734 1016 sequutus.
776 937 850 994 Fixa
865 933 946 996 Petri
957 933 1069 1014 epocha
1086 935 1198 1014 reliqui
1217 935 1370 996 succedunt

289 1021 416 1082 Romani
426 1023 582 1081 Antistites
600 1022 638 1080 ad
652 1021 752 1080 Caium
767 1040 874 1098 usque,
897 1019 981 1078 cuius
994 1039 1089 1078 annus
1108 1021 1264 1100 septimus,
1284 1019 1368 1080 uthis

288 1107 322 1166 in
342 1105 447 1166 mundi
465 1109 556 1174 5777.
573 1116 603 1166 et
621 1106 731 1165 Christi
745 1111 816 1172 277.
834 1105 965 1164 incidere
980 1103 1232 1184 deprehenditur,
1256 1105 1290 1164 ad
1302 1125 1369 1164 eun·

289 1191 357 1252 dem
380 1191 492 1268 pariter
511 1191 658 1251 devinciri
679 1190 828 1269 comperio
848 1189 881 1247 in
895 1187 1083 1268 Theophanis
1100 1189 1296 1268 chronologia
1311 1199 1367 1248 sta-

289 1279 345 1336 tim
359 1275 413 1334 sub
426 1275 544 1335 limine=
566 1285 654 1354 atque
673 1276 716 1334 ita
734 1283 768 1334 ut
779 1274 1013 1334 continuatorem
1024 1273 1239 1354 Theophanem
1252 1275 1365 1352 Georgia

289 1361 429 1442 Syncello
459 1361 641 1438 praecessori
676 1358 804 1419 strictim
830 1359 1005 1436 adhaerere,
1042 1361 1084 1418 sic
1103 1359 1226 1440 Georgii
1250 1359 1366 1420 tabulam

289 1445 377 1505 istam
393 1443 430 1504 ab
443 1443 532 1502 huius
546 1455 576 1504 et
589 1444 777 1524 Theophanis
803 1453 943 1524 computo
960 1463 1020 1502 non
1041 1444 1198 1505 deflexisse
1221 1445 1365 1506 arbitratus

290 1549 367 1590 eum.
408 1528 581 1590 Antiochiae
597 1529 1048 1609 etAlexandriaeEpiscoporum
1064 1529 1211 1609 epocham
1223 1531 1256 1590 in
1268 1547 1366 1588 annum

288 1622 460 1693 sequentem
482 1613 563 1674 Petri
581 1611 725 1693 epocham
744 1613 849 1674 mundi
869 1613 1010 1673 videlicet
1029 1615 1123 1682 6542.
1142 1625 1174 1674 et
1198 1615 1305 1674 Christi
1323 1615 1365 1678 12.

289 1698 484 1758 differendam
504 1701 624 1775 censui,
647 1699 726 1778 quod
740 1699 813 1758 haec
827 1699 878 1756 illa
893 1699 1039 1778 posterior
1053 1700 1089 1758 ab
1102 1699 1232 1760 Eusebio
1244 1709 1271 1760 et
1283 1697 1366 1757 Chro-

287 1785 403 1862 nologis
427 1784 492 1842 aliis
513 1785 719 1862 consignetur-3
742 1785 902 1862 eademque
921 1783 963 1842 ita
985 1783 1098 1861 delixa,
1121 1794 1166 1862 et,
1189 1793 1318 1845 utnotae
1333 1781 1365 1840 ad

287 1889 355 1950 pag.
375 1869 446 1934 334.
468 1867 659 1945 confirmant,
682 1869 767 1928 annis
783 1873 831 1934 16.
848 1869 947 1927 Marco
962 1868 1127 1948 attributis,
1150 1869 1290 1930 Theonoe
1303 1868 1364 1926 dle-

286 1953 429 2014 xandrini
449 1954 589 2034 Episcopi
610 1973 705 2012 annus
726 1953 899 2014 undecimus
920 1973 1040 2013 rursum
1062 1955 1096 2013 in
1112 1955 1219 2014 mundi
1238 1956 1322 2021 6777.
1339 1959 1364 2010 et

287 2039 399 2098 Christi
410 2045 481 2104 277.
496 2039 744 2118 quemadmodum
756 2039 789 2098 in
802 2038 921 2096 Canone
935 2037 1093 2116 praesenti,
1109 2041 1154 2098 sic
1168 2039 1203 2098 in
1219 2036 1363 2116 Theopha-

287 2124 334 2184 nis
356 2123 552 2198 Chronologia
569 2143 746 2184 concurrere
758 2123 876 2201 legitur.
918 2122 963 2181 Ac
976 2123 1109 2202 Tyranni
1129 2123 1252 2202 quidem
1270 2121 1362 2181 Antio-

287 2207 404 2267 chensis
419 2207 585 2284 pontilicis,
609 2207 673 2290 (qui
688 2207 834 2286 Cyrillum
850 2205 978 2286 excepit)
994 2227 1091 2268 annus
1108 2209 1268 2282 secundus,
1287 2213 1362 2286 preat

287 2293 321 2350 in
335 2291 523 2376 Theophanis
544 2293 631 2352 toties
653 2295 810 2373 repetitum
832 2291 937 2351 mundi
959 2295 1052 2358 5777.
1072 2301 1102 2352 et
1117 2292 1231 2354 Christi
1247 2298 1313 2359 277.
1332 2287 1361 2348 ad
1393 2329 1394 2338 κ

236 2443 237 2446 ¹
286 2375 414 2436 eundem
424 2375 546 2436 modum
560 2399 599 2437 ex
616 2377 735 2455 Georgii
748 2375 947 2455 Chronologia
962 2377 1017 2436 sibi
1032 2377 1152 2438 deberet
1167 2379 1304 2438 comitem
1321 2395 1360 2434 as-

287 2461 413 2520 ciscere:
435 2470 465 2520 et
486 2462 660 2541 adiungeret
680 2482 766 2533 sane,
787 2461 844 2520 nisi
860 2462 973 2520 Euodio
993 2463 1113 2522 Petrum
1135 2462 1168 2521 in
1183 2458 1360 2523 Antiochensi

284 2545 354 2606 sede
368 2557 495 2626 aequato
508 2567 601 2606 annos
617 2567 669 2606 sex
685 2547 813 2624 integros
829 2555 943 2626 praeter
958 2545 1080 2624 debitos,
1101 2568 1216 2608 novem
1230 2557 1259 2608 et
1272 2545 1360 2626 viginti
1392 2549 1393 2581 l

283 2632 443 2708 nimirum,
465 2632 556 2690 trium
576 2642 606 2690 et
626 2631 734 2709 viginti
749 2633 829 2707 vice,
853 2631 979 2690 Domino
992 2651 1081 2708 vero,
1101 2633 1151 2692 vel
1168 2635 1300 2708 Domno,
1318 2631 1358 2710 qni

284 2717 431 2795 Cyrillum
453 2717 599 2796 praeivit,
627 2715 756 2776 duorum
777 2715 857 2789 vice,
880 2717 975 2796 (quos
998 2715 1088 2776 habet
1105 2717 1307 2799 Nicephorus,
1331 2724 1358 2773 ut

282 2801 392 2861 Euodii
414 2801 485 2884 23.)
508 2811 583 2877 tres,
610 2803 659 2860 vel
682 2801 823 2879 Georgius
844 2799 993 2878 oscitans,
1024 2803 1074 2861 vel
1099 2802 1252 2863 Librarius
1273 2821 1358 2862 errans
1391 2803 1392 2808 ’

282 2885 444 2946 tribuisset.
487 2887 647 2964 Georgium
661 2895 760 2945 autern
775 2885 935 2944 dictantem
950 2883 1178 2963 hallucinatum,
1201 2889 1250 2948 rel
1263 2887 1357 2946 certius

284 2969 382 3029 dicam
394 2970 569 3048 scriptorem
583 2991 704 3046 errasse,
719 2971 800 3049 quod
818 2969 901 3030 Pauli
915 2971 1126 3031 Samosatensis
1137 2973 1284 3052 synodice
1295 2989 1357 3030 con-

284 3051 415 3112 demnati
427 3073 465 3112 ex
482 3055 612 3114 Ecclesia
628 3056 799 3116 eiectionem
816 3055 852 3112 ab
874 3055 1005 3116 eiusdem
1026 3077 1063 3116 ex
1081 3057 1302 3138 Episcopalibus
1319 3073 1358 3113 ae-
1390 3047 1391 3052 ¹

284 3137 372 3196 dibus
386 3138 559 3218 depulsione
576 3141 612 3198 ab
627 3140 788 3200 Aureliano
803 3140 947 3218 imperata
966 3143 1132 3218 diversam,
1154 3145 1295 3204 alteruter
1305 3159 1356 3198 non

284 3221 458 3282 observarit.
502 3225 577 3284 Vide
596 3227 750 3304 utriusque
777 3225 857 3306 apud
879 3225 1034 3288 authorem
1059 3227 1187 3288 eundem
1207 3227 1356 3299 Eusebium,
1389 3283 1390 3286 ,

283 3306 365 3366 illius
386 3307 420 3367 in
429 3307 577 3370 Chronico
596 3311 636 3370 ad
648 3311 797 3372 Valeriani
814 3331 926 3372 annum
947 3316 995 3378 13.
1020 3311 1110 3373 huius
1128 3333 1167 3372 ex
1188 3313 1290 3373 histor.
1303 3311 1356 3369 Ec·

283 3391 354 3452 oles.
375 3393 427 3453 lib.
450 3399 480 3459 7.
496 3415 561 3474 cap.
581 3396 634 3461 24.
660 3395 823 3476 praesentia
841 3397 940 3478 operis
961 3417 1027 3477 pag.
1049 3399 1120 3465 391.
1139 3399 1171 3457 C.
1195 3398 1354 3458 discrimen:

282 3477 410 3538 Paulum
425 3478 512 3540 simul
526 3479 642 3560 inspice
669 3481 763 3561 priori
786 3481 854 3540 loco
874 3481 1119 3557 condemnatum,
1142 3491 1172 3541 et
1186 3485 1323 3542 Domuum
1333 3477 1355 3535 ei
1388 3493 1389 3527 t

281 3560 457 3638 suffectum,
479 3585 537 3642 quo
553 3575 714 3645 utrumque
727 3567 765 3624 ad
779 3565 931 3626 Valeriani
945 3575 1080 3646 tempora
1091 3567 1290 3628 revocandum
1302 3573 1354 3622 εἴθ·

280 3655 365 3707 tuas:
389 3650 470 3726 quod
485 3669 547 3712 non
561 3652 621 3711 nisi
636 3651 750 3712 Euodio
765 3645 830 3734 (cui
842 3651 1028 3732 Nicephorus
1052 3673 1145 3712 annos
1159 3657 1211 3720 28.
1227 3652 1354 3712 danunt
1387 3719 1388 3724 η

280 3730 422 3816 ascribit)
441 3752 494 3794 sex
514 3735 655 3798 detractis
678 3755 742 3794 non
765 3738 921 3815 exequaris
943 3737 1047 3796 facile:
1076 3737 1177 3798 Tertio
1195 3735 1353 3798 subindeex
1387 3739 1388 3758 ³

279 3815 389 3878 Domni
401 3829 494 3880 aetate
504 3821 606 3904 (quem
620 3825 696 3882 duos
709 3821 789 3880 solos
797 3822 831 3880 in
841 3821 1022 3883 Pontificatu
1034 3823 1166 3902 exegisse
1175 3823 1276 3884 scribit
1287 3819 1351 3880 iden

278 3901 482 3985 Nicephorus)
505 3916 535 3965 et
547 3907 653 3987 Cyrilli
672 3907 843 3990 primordiis
861 3908 893 3968 in
908 3909 1042 3988 superius
1064 3907 1210 3988 spatium,
1231 3917 1260 3967 et
1278 3923 1351 3965 mun·

280 3987 312 4046 di
326 3993 419 4060 6761·
436 3999 467 4050 et
482 3991 592 4052 Christi
605 4001 675 4060 261.
701 3992 848 4069 evocatis,
869 4003 940 4074 post
961 3992 1024 4052 eius
1042 4011 1136 4052 annos
1158 3995 1209 4060 16.
1232 3987 1351 4052 succedet

279 4073 453 4154 Tyrannus,
475 4078 559 4138 cuius
571 4099 667 4138 annas
682 4085 710 4145 2.
726 4099 764 4136 ex
774 4077 963 4158 Theophanis
978 4076 1094 4138 calculo
1106 4077 1146 4137 ad
1158 4077 1260 4138 mundi
1273 4075 1349 4142 2777.

279 4165 309 4215 et
322 4159 432 4221 Christi
446 4167 517 4228 277.
534 4163 690 4226 confestim
704 4173 850 4224 occurret.
891 4161 992 4224 lacobi
1004 4163 1131 4244 denique
1146 4163 1348 4252 Hierosolyma·

279 4261 347 4300 rum
364 4246 504 4324 Episcopi
519 4250 703 4326 praesulatus
720 4247 845 4307 exordio
863 4248 901 4306 ed
913 4247 1250 4327 ipsamltesurrectionis
1263 4247 1348 4304 Doni·
1384 4281 1385 4292 .

281 4325 364 4386 nicae
381 4337 413 4388 et
431 4329 598 4404 salutinssd.
618 4331 777 4395 obeuntem
791 4351 830 4394 ex
841 4331 985 4395 Eutherio
1001 4344 1144 4416 computo
1167 4353 1233 4415 pag.
1247 4333 1309 4398 828
1321 4323 1346 4386 E
