2960 4716
538 379 790 452 PRAEFATIO.
1148 367 1200 442 69

112 549 154 602 est
165 547 266 599 sutem
282 535 335 598 luis
350 539 500 619 Scaligeri
512 539 627 620 verbis,
652 539 814 620 Geor-gimo
830 549 962 598 oestrum
972 539 1050 596 scito
1064 557 1125 597 non
1141 555 1202 598 sose

110 645 171 683 m
192 643 288 705 quon
307 625 468 702 volebam,
490 647 584 706 neque
603 626 661 686 ulti
683 626 756 698 ιοοιιί
773 621 818 683 ud
836 623 1014 684 Eusebium
1034 641 1102 681 meu
1121 643 1200 682 esses

108 711 185 770 eois
201 711 319 768 nsirars'
339 731 403 770 non
421 731 563 792 possum,
587 715 641 791 qui
658 712 799 789 fuctum,
821 721 857 768 ut
878 705 941 768 duo
962 710 1080 766 nornine
1101 705 1201 768 eudem

108 793 186 854 odem
205 805 359 872 tractati,
382 801 439 876 qui
460 797 499 856 ab
521 794 621 856 eodem
638 795 792 876 principio
806 795 952 872 proficii,
974 795 1007 851 in
1025 790 1124 852 eodem
1134 792 1202 870 fine

109 883 344 960 sorsquiescurst:
373 879 455 940 idm
476 893 557 942 certe·
570 883 603 942 in
621 890 717 940 vestro
735 881 862 958 Georgia
873 881 1076 957 principium,
1099 875 1201 938 idem·-

110 966 273 1046 puefim's,
297 969 356 1045 qui
370 970 405 1025 in
419 984 468 1041 eo,
489 973 576 1048 quem
594 969 627 1026 in
641 968 743 1024 animo
757 963 918 1036 iambum,
939 963 1029 1040 Regio
1043 961 1199 1022 nimirum:

109 1051 201 1110 infre:
230 1059 260 1108 et
282 1060 385 1110 tomen
405 1053 462 1110 iste
477 1064 520 1110 est
537 1051 694 1130 Syncsllos
712 1061 747 1110 ot
763 1049 864 1111 alter:
886 1047 939 1106 sed
958 1051 1060 1108 Deum
1074 1050 1198 1106 immur-

113 1137 220 1194 tuem!
251 1151 347 1213 qtsam
366 1135 476 1216 dispar
495 1148 622 1196 conaus
642 1135 736 1196 leuiter
761 1133 876 1196 vestri?
904 1153 976 1192 nam
997 1153 1062 1192 vere
1086 1129 1198 1208 dicam,

111 1219 193 1278 satit
213 1221 249 1278 irs
267 1239 298 1277 eo
316 1217 530 1300 deprehendere
545 1225 654 1302 potui,
677 1218 761 1300 quod
772 1236 820 1278 ms
835 1215 996 1277 doctiorem
1007 1219 1113 1296 fucere
1121 1237 1200 1296 pos-

111 1313 171 1382 set,
201 1325 296 1382 neque
312 1306 402 1364 illum
421 1307 515 1387 legere
536 1305 627 1366 aliud
647 1317 710 1382 set,⁴
735 1325 828 1385 quam
847 1303 940 1363 horas
953 1300 1098 1384 perdere).
1118 1369 1122 1378 ‚
1139 1301 1199 1362 lis.

112 1391 203 1463 best,
230 1389 364 1466 iuquam,
396 1391 541 1470 Georgius
563 1389 688 1472 quilibet
706 1390 783 1448 alius
813 1409 883 1448 sus:
913 1388 1070 1466 syncellus
1097 1397 1199 1448 noster

116 1475 241 1534 unicum
258 1472 331 1548 hoc,
352 1477 432 1552 quod
453 1499 470 1536 s
489 1475 595 1536 mundi
615 1473 804 1536 hrcunsbulis
823 1475 861 1534 od
881 1472 1057 1533 Diocletiani
1073 1471 1200 1532 deduxit

114 1567 256 1634 sentem,
280 1556 448 1622 Chronicon
458 1563 515 1622 sibi
529 1559 703 1622 vindicabit.
744 1559 788 1619 Eo
805 1557 998 1620 describendo
1012 1555 1126 1635 territi,
1149 1556 1199 1617 vel

111 1643 230 1704 Eusebii
246 1643 370 1722 scriptis
390 1648 520 1708 contenti
536 1646 678 1706 nonnulli
694 1646 789 1705 solem
803 1641 984 1726 Syncsllieui
999 1642 1112 1702 codicis
1126 1661 1199 1722 par-

110 1739 182 1803 tem,
202 1747 279 1808 quae
291 1729 466 1808 Pompeium
476 1731 613 1793 Iudaeam
625 1731 714 1792 nrmis
729 1728 909 1810 subigentem
921 1727 1047 1802 inducit,
1067 1727 1117 1786 rel
1131 1725 1200 1786 lulii

111 1813 245 1872 casus
262 1811 456 1873 hlonsrchiss
469 1819 556 1898 ponit
574 1817 786 1891 funmmsnta,
818 1813 876 1873 sibi
898 1811 1113 1892 excel-pendam
1130 1810 1199 1888 reti,

113 1899 252 1979 praesis,
273 1907 311 1958 ut
333 1899 469 1959 censitus·
483 1903 516 1960 in
530 1903 678 1981 plerisque
699 1901 780 1960 1188.
794 1908 880 1980 perte
899 1907 963 1957 tots
984 1895 1198 1977 praetermisso,

115 1984 201 2063 qussi
212 2004 230 2040 s
241 1984 387 2065 Pompeio
403 1983 453 2043 vel
469 1983 541 2045 lulio
557 1987 680 2050 ὓοοοοτο
694 1982 968 2062 Chronographism
988 1999 1110 2041 morsus
1125 1980 1201 2039 fuis·

112 2077 157 2128 set
171 2069 347 2147 syncellus,
369 2077 399 2128 et
415 2089 486 2148 pers
504 2071 605 2150 exigua
626 2081 690 2130 tota
712 2071 790 2130 foret
801 2067 934 2147 syncelli
949 2062 1201 2144 Gbrouogrsphit,

110 2173 217 2234 porum
231 2153 330 2212 cautis
343 2153 508 2214 lectoribus
521 2173 683 2234 suggessere
693 2153 882 2216 credendum.
912 2151 1000 2224 Quod
1012 2151 1104 2230 igitur
1112 2149 1202 2210 Gree-

113 2256 215 2297 corum
226 2238 469 2299 Christianorum
476 2237 628 2300 Histuricis
643 2239 798 2315 fumiliere,
809 2237 1033 2298 velutEtbnicis
1042 2233 1203 2296 Troianum

113 2323 150 2382 ab
161 2341 220 2384 oro
232 2323 349 2384 bellum
361 2333 506 2397 retexere,
526 2343 542 2380 n
557 2326 649 2402 primo
663 2325 768 2386 mundi
780 2322 895 2384 conditi
905 2331 1055 2382 momento
1066 2320 1105 2380 ad
1118 2339 1202 2380 susm

111 2415 236 2467 oetatem
264 2407 564 2489 Chronogrephicum
590 2429 662 2490 epus
691 2409 822 2486 digerere
849 2408 1005 2469 meditetus
1033 2405 1202 2486 syncellus,
1319 2481 1323 2492 ι

111 2494 262 2554 communi
275 2496 338 2554 fato
352 2493 432 2554 vitas
447 2502 478 2554 et
492 2511 554 2552 uus
574 2493 687 2554 consilii
700 2493 784 2554 filum
798 2491 1006 2572 abrumpente,
1029 2490 1067 2550 sd
1081 2489 1203 2548 Diocle-

111 2579 188 2637 tiaui
201 2587 322 2660 tempus
338 2578 483 2655 substitit,
504 2586 534 2637 et
546 2574 642 2636 haesit
652 2579 793 2655 scribens,
814 2577 1088 2652 absolvendumqus
1102 2573 1204 2632 Theu-

113 2662 210 2746 phsui
227 2665 320 2723 emico
341 2661 495 2744 superstiti
518 2661 687 2722 decessurus
711 2661 939 2724 commendavit.
991 2655 1082 2734 Quod
1104 2667 1204 2718 summ

113 2747 255 2810 observat
268 2747 386 2826 titnlus,
409 2746 552 2826 quodque
567 2745 632 2824 ipsc
652 2749 837 2823 praefaturus
853 2755 999 2820 testatm,
1019 2743 1133 2804 vdute
1153 2742 1203 2802 di·

111 2835 205 2894 versis
227 2833 353 2894 calculis
369 2833 542 2892 tesselatum
563 2849 654 2910 opus,
673 2831 711 2888 its
728 2831 989 2909 chronographiae
1006 2847 1078 2888 suse
1093 2826 1203 2886 molem

110 2939 149 2980 ex
168 2919 324 2980 rariorum
341 2927 498 2978 suetorum
510 2915 631 2995 scriptis
650 2913 774 2993 collegit.
816 2915 863 2976 Ex
877 2915 1018 2975 Anione
1034 2921 1064 2973 et
1075 2909 1201 2972 Eusebio

111 3025 188 3084 quse
209 3004 413 3084 decerpseris,
447 3003 510 3062 eius
533 3020 602 3060 cum
627 2998 742 3060 Eusebii
764 2999 914 3061 Chronico
945 2997 1143 3080 compersu'o,
1172 3003 1204 3058 et

114 3089 153 3148 d,
165 3089 305 3150 Arriano
321 3087 457 3169 praefixe
472 3085 623 3166 excerptis
633 3085 801 3146 testimonis
813 3087 864 3147 vel
876 3087 986 3166 stylus,
1009 3084 1058 3145 vel
1072 3083 1203 3161 scripto·

113 3193 180 3233 rum
201 3173 333 3254 denique
349 3174 386 3233 sd
404 3173 506 3253 priora
526 3189 637 3241 nexus,
659 3169 934 3251 plenissimum,
956 3189 1046 3250 quam
1059 3177 1099 3228 ut
1114 3163 1204 3224 dubi-

111 3258 169 3318 tori
186 3259 293 3339 possit.
341 3257 453 3332 Quoad
476 3257 581 3330 licuit,
607 3263 637 3314 et
656 3255 825 3313 coniectum
844 3265 1012 3334 suggestum
1030 3260 1089 3324 est,
1115 3249 1205 3310 haim
1268 3265 1275 3278 “

113 3353 144 3402 et
161 3343 286 3404 alterius
301 3344 429 3424 scriptu,
452 3341 575 3421 virgulis
597 3339 635 3398 sd
650 3339 729 3399 letus
751 3337 838 3414 fixis,
857 3342 907 3400 rel
928 3339 1131 3399 characterum
1145 3355 1203 3394 vs-

112 3428 216 3490 rietste
235 3428 372 3492 distinxi.
416 3429 500 3502 Ques
521 3436 622 3486 umen
636 3423 765 3484 Eusebio
783 3423 910 3502 Scaliger
927 3422 1070 3484 adscribit
1082 3421 1114 3481 in
1128 3439 1203 3501 pro·

112 3513 185 3593 priis
208 3514 376 3594 excerptis,
398 3521 508 3572 cuncta
521 3531 559 3570 ex
572 3510 697 3570 Eusebio
711 3509 973 3589 deprompta,'nisi
988 3527 1035 3568 me
1046 3507 1125 3568 ntio
1138 3525 1204 3565 mo·

114 3607 181 3658 vest
199 3599 232 3659 in
255 3599 434 3671 adversum,
463 3615 609 3676 nusquam
630 3595 791 3654 assentiare
821 3613 890 3653 cum
913 3594 1035 3654 diversis
1057 3609 1205 3651 annorum

113 3685 263 3765 numeris,
292 3703 357 3744 eam
371 3683 546 3742 canentem
561 3681 648 3740 etism
659 3681 792 3739 consessu
807 3687 838 3737 et
850 3679 1030 3759 exprimente
1043 3676 1205 3752 Sceligsro,

6 3747 8 3780 l
113 3769 251 3829 latinum
269 3771 335 3830 eius
358 3767 546 3840 chronicon,
569 3775 599 3825 et
614 3767 764 3845 Excerpts
782 3783 892 3824 nomeu
911 3763 991 3822 illius
1005 3781 1042 3824 ex
1062 3757 1204 3837 scaligeri

6 3863 8 3934 ᾗ
113 3853 222 3934 plsoito
239 3855 438 3934 prseferentis
453 3861 594 3929 utentur3
614 3869 672 3910 nec
691 3849 775 3911 eliud
793 3849 951 3910 Eusebium
968 3849 1093 3919 Grsace,
1113 3861 1204 3924 quem

6 3935 8 3976 ;
117 3939 196 4016 quod
217 3939 421 4020 Hieronymus
433 3939 539 3998 Latine
552 3935 684 3998 reddidit
698 3935 901 4016 (interpretem
916 3933 995 3992 enlm
1009 3951 1069 3992 non
1082 3927 1204 3988 Brevia.

114 4021 152 4081 rii
175 4034 324 4086 auctorem
343 4024 516 4104 sapientum
533 4041 604 4084 usus
629 4039 778 4102 vocesque
796 4019 1012 4097 Hieronymum
1031 4009 1203 4095 celebrent),

117 4119 214 4168 custo
228 4110 358 4170 maxime
371 4107 541 4170 Abrshsmo
554 4117 584 4166 et
600 4107 672 4167 Nini
683 4105 809 4186 imperio
824 4103 977 4184 scripsisse
991 4109 1097 4158 temere
1108 4107 1139 4157 et
1151 4097 1203 4156 ina
1303 4121 1307 4128 ·

120 4196 250 4256 consulto
274 4195 482 4258 merendum:
511 4192 564 4252 ssd
584 4211 681 4272 neque
703 4191 858 4251 rariorum
878 4188 1060 4247 collectanea
1078 4201 1115 4242 ex
1141 4201 1204 4243 uno

6 4319 7 4350 ι
121 4277 182 4337 ⁸01⁰
193 4281 337 4359 prodiisse
348 4281 483 4362 prudens
497 4279 561 4358 quis
572 4286 692 4343 usserat.
720 4274 809 4336 Enim
822 4293 895 4334 vero
909 4289 965 4332 cur
982 4277 1122 4348 excerpts
1135 4269 1206 4328 Sca·
1272 4309 1287 4340 ,

6 4373 7 4414 l
119 4359 190 4442 liger
203 4368 364 4428 studiosius
384 4364 526 4446 ingessit,
548 4363 658 4424 oblitus
676 4379 711 4422 ee
729 4357 899 4431 intrudere,
922 4373 996 4433 quse
1016 4372 1085 4414 curu
1105 4371 1207 4412 excsr.
