2960 4716
279 329 332 408 aa
639 339 777 410 coum
797 287 1023 409 unarum.

284 509 336 562 tur
347 543 357 579 ,
376 495 531 574 lustrabit,
552 495 648 558 oculis
663 505 820 578 percurret
839 495 966 574 aminis,
986 505 1135 573 transtra,
1155 497 1270 558 tmrslas
1288 515 1382 558 num-

283 585 342 647 mis
363 603 436 644 auro
459 591 490 645 et
509 593 629 662 argento
651 583 805 660 conflatis,
827 591 863 642 nt
895 581 1042 643 sideribus
1067 583 1199 660 caelum,
1221 583 1384 642 distinctae

284 681 315 732 et
335 668 546 730 scintillantese
568 675 613 746 et,
634 665 686 727 hio
709 669 895 750 priscorum,
921 667 1018 742 dicet,
1040 677 1227 747 temporum,
1255 669 1307 727 ille
1325 687 1382 746 po.

285 753 404 816 atremie
430 753 612 812 Graecorum
628 749 695 832 hic,
716 753 769 812 ille
788 751 990 812 Romanorum
1005 751 1121 832 imperii
1137 761 1383 812 monumentuma

285 839 402 918 signum
421 837 504 899 illius
525 837 696 913 Orientale,
715 835 886 897 occiduum
908 835 1012 898 istinc:
1034 857 1149 898 sacram
1168 837 1240 914 iste,
1261 837 1385 898 civilem

286 925 361 984 alins
373 942 439 983 rem
453 931 484 983 et
498 931 598 982 actum
614 923 724 983 referta
742 929 825 982 totus
846 921 899 982 bic
922 921 996 982 ordo
1015 923 1099 1001 regni
1119 922 1208 982 niune
1231 922 1385 1002 principes

286 1011 457 1084 enumerat3
479 1007 635 1088 oppositae
649 1007 745 1086 gentis
761 1007 882 1068 alterius
898 1025 981 1086 regee
996 1007 1157 1067 collocatos
1172 1016 1254 1066 tenet
1272 1007 1310 1065 ad
1325 1007 1385 1066 Hi·

287 1093 397 1153 storiae
415 1091 581 1153 veritatem.
624 1091 707 1166 Quid
729 1101 868 1169 cunctos,
891 1093 942 1152 vel
960 1093 1061 1173 plures
1082 1089 1268 1152 memorem'l
1293 1092 1385 1151 Vixc

288 1177 413 1256 singulis
430 1197 509 1237 unus
528 1185 580 1236 aut
596 1175 671 1237 alter
687 1185 747 1254 cst,
768 1177 820 1255 qui
842 1176 903 1237 viri
919 1177 1083 1258 cuiuspiam
1101 1178 1174 1236 meis
1190 1176 1312 1256 acriptis
1332 1197 1385 1236 ce-

287 1261 396 1323 lebrati
409 1262 526 1322 vultum
535 1307 544 1338 ,
563 1260 715 1337 habitum,
737 1281 859 1338 nomen,
880 1261 928 1322 vel
940 1263 1002 1322 eius
1016 1271 1096 1338 geeta
1109 1259 1268 1340 praecipua
1278 1305 1293 1336 ,.
1308 1283 1387 1342 pro·

288 1347 478 1428 speritatem,
508 1355 632 1406 eventus
656 1365 721 1404 non
744 1355 953 1426 repraesentet.
1000 1347 1083 1420 Quot
1102 1345 1146 1406 ibi
1178 1345 1310 1424 figurae,
1337 1356 1385 1406 tot

289 1429 551 1512 chronographiae
564 1449 645 1490 meae
661 1429 874 1511 exprimuntur
888 1441 1069 1509 argumenta.
1113 1431 1199 1490 Alter
1215 1430 1267 1490 hic
1282 1451 1384 1490 reces-

289 1537 339 1578 sus
353 1517 467 1577 variam
484 1515 556 1576 artis
577 1515 805 1598 supellectilem,
828 1525 859 1578 et
876 1515 1032 1576 indiarum
1051 1517 1167 1576 fructus
1183 1526 1386 1596 portentosos,

289 1599 340 1663 vel
355 1601 504 1661 rusticana
519 1609 618 1662 servat
632 1611 821 1660 ornamenta:
843 1609 873 1660 et
890 1599 965 1660 haec
983 1597 1133 1662 Historiae
1151 1601 1317 1660 testimonia
1333 1611 1386 1660 to·

290 1685 393 1762 tidem,
414 1694 445 1744 et
455 1685 578 1745 totidem
590 1685 653 1744 eiua
664 1695 844 1766 spontaneae
857 1683 1092 1746 lucubrationes.
1135 1685 1260 1746 Posthac
1273 1683 1312 1744 ad
1326 1705 1386 1745 ex·

291 1779 389 1831 aratus
404 1789 494 1830 manu
508 1769 627 1830 codices
646 1787 824 1830 converuuse
844 1771 920 1829 istae
935 1779 1019 1844 sunt,
1041 1771 1175 1850 inquiet,
1196 1771 1387 1830 vmnandae

292 1855 479 1934 antiquitatis
499 1855 641 1936 reliquiae
660 1855 813 1914 immensis
835 1854 972 1936 expensis
997 1853 1121 1916 Oriente
1141 1865 1207 1915 toto
1231 1855 1387 1930 collettae,

291 1949 327 2001 ut
345 1959 446 2002 aarum
466 1950 581 2020 partem
596 1959 659 2000 ncn
673 1940 920 2000 contemnendam
937 1959 1042 2018 magno
1064 1941 1202 2020 Reipubl.
1222 1941 1388 2000 litterariae

292 2025 401 2086 damno
420 2024 607 2104 naufragium
622 2025 797 2086 obliterarit.
838 2023 952 2084 isthinc
967 2025 1051 2105 liegii
1067 2025 1133 2105 typi
1148 2045 1258 2084 nomen
1274 2033 1305 2083 et
1317 2025 1389 2084 eub-

292 2109 401 2170 sidium
413 2110 590 2189 quandoque
603 2110 731 2170 mutuati
747 2118 834 2169 sunt:
857 2110 1025 2189 aderitque,
1047 2109 1129 2189 quod
1145 2120 1234 2190 opto,
1255 2117 1388 2189 tempus,

293 2213 352 2274 quc
373 2193 433 2252 iam
451 2193 548 2269 edita,
569 2194 618 2253 vel
639 2195 775 2254 noudum
786 2194 855 2252 ’visa
874 2195 1025 2254 Musarum
1045 2189 1183 2276 κειμήλια
1202 2193 1390 2254 mistorum

292 2277 438 2356 iudicium
461 2285 491 2336 et
510 2295 666 2338 censuram
686 2279 723 2338 ab
747 2277 870 2340 eruditio
888 2279 1081 2360 experiantur
1101 2301 1133 2340 se
1150 2279 1313 2359 perpoliri,
1336 2279 1391 2339 vel

294 2361 327 2421 in
343 2362 493 2442 publicam
505 2361 662 2422 utilitatem
683 2363 827 2442 depromi.
870 2363 966 2438 Quom
982 2364 1096 2441 avidis,
1118 2383 1208 2442 quam
1227 2365 1390 2442 perspica-

295 2445 380 2505 cibus
400 2447 496 2504 oculia
509 2445 588 2506 inter
608 2447 681 2506 istos
702 2447 884 2528 perquisitus
909 2467 943 2507 eo
957 2449 1073 2509 demum
1087 2469 1134 2506 me
1144 2447 1221 2508 setosi
1233 2448 1287 2508 lati
1300 2448 1390 2509 dono

293 2529 459 2606 beandum,
487 2540 521 2590 ut
541 2530 740 2592 Bibliothecae
762 2533 868 2608 Regiae
892 2535 1022 2593 fecundo
1041 2534 1138 2594 editus
1159 2533 1239 2608 sinu,
1267 2533 1392 2610 Segun-

293 2615 394 2675 aianae
415 2613 566 2694 exciperet
587 2615 728 2691 subinde,
749 2637 785 2676 sc
808 2619 925 2678 foverer
947 2621 1122 2698 complexu,
1146 2637 1239 2698 eaque
1260 2618 1390 2678 tandem

293 2699 425 2778 signatus
448 2699 541 2758 tutela
564 2701 715 2761 felicitatis
735 2721 817 2761 meae
837 2721 941 2778 naum,
970 2713 1001 2762 et
1022 2703 1192 2764 Defensoris
1215 2703 1390 2762 comitatem

292 2785 359 2844 orbi
379 2783 572 2864 publicarem.
613 2783 695 2846 Haec
716 2787 770 2845 sub
792 2787 911 2865 Georgii
933 2789 1063 2867 syncelli
1084 2807 1212 2868 persona
1236 2787 1388 2866 interpres

294 2870 357 2928 eius
375 2869 464 2928 sortia
484 2869 650 2948 particeps,
672 2872 801 2949 seposita
821 2871 961 2947 fictione,
983 2873 1132 2949 excogitat
1152 2891 1184 2932 se
1204 2893 1290 2952 posse
1309 2873 1389 2936 faris

294 2959 325 3010 et
340 2971 373 3010 ea
389 2971 477 3010 cauea
490 2970 522 3010 se
533 2951 601 3010 Tibi
619 2953 778 3032 profitetur
790 2955 983 3028 obstrictum,
1006 2957 1086 3034 quod
1101 2956 1163 3016 eiua
1184 2957 1283 3036 operis
1298 2957 1390 3018 labor

296 3034 352 3094 suh
363 3033 420 3094 Tui
432 3033 562 3094 nominis
573 3036 731 3116 eplendore
744 3039 776 3097 in
789 3041 943 3120 publicum
956 3041 1136 3119 productus,
1159 3052 1195 3100 ut
1209 3041 1317 3121 perdiu
1333 3061 1389 3102 ex.

295 3120 422 3202 petitum
436 3119 536 3200 palam
552 3121 669 3200 profert
682 3125 869 3202 syncellum,
890 3125 933 3184 ita
951 3125 1018 3184 Tibi
1039 3127 1261 3187 commendatus
1273 3147 1305 3188 ae
1317 3147 1388 3210 spe·

295 3215 343 3268 ret
360 3205 475 3268 cunctis
488 3204 659 3266 litterarum
673 3208 815 3268 studiosis
830 3210 895 3269 fors
910 3211 1007 3272 multo
1020 3211 1189 3290 gratiorem.

370 3354 594 3420 illustrissimae
608 3356 798 3425 celsitudinis
813 3362 903 3441 Tuae,

971 3869 1176 3934 Deditissimua
1191 3891 1296 3936 aarum

786 3985 820 4048 b'.
843 3987 1006 4052 lACOBUS
1027 3989 1134 4051 culn
1157 3989 1229 4056 Ord.
1249 3993 1383 4053 Praediu

324 4143 493 4200 Eccnvenht
507 4147 716 4205 Pneslicalom

320 4211 405 4268 Paris.
421 4217 465 4272 vis
481 4217 511 4271 8.
529 4216 664 4275 Ηοιιοιιιί.
