2944 4716
238 415 242 424 ·
312 412 315 416 ’
379 399 441 468 ΕΤ
461 398 810 470 ANNOTATIONES·
1067 384 1142 466 613

69 559 211 636 Iasonem,
233 554 294 616 eius
302 552 441 629 stotrem3
463 560 493 614 ct
505 553 631 613 alterum
650 553 768 616 demum
782 553 888 615 Oniam
903 553 997 615 Ouiae
1015 555 1095 616 tertii
1113 565 1144 617 at

68 643 172 703 Iasonis
208 641 328 701 fratrem
357 637 520 712 minorem,
549 637 675 697 Menelai
703 641 823 699 nomine
854 640 1032 718 vocitatum,
1061 642 1146 701 deci-

68 747 111 787 nso
130 727 237 800 tertio,
257 731 381 804 quarto,
402 729 433 780 et
452 721 555 800 quinto
570 721 675 782 ordine
694 725 854 782 collocasse
872 725 1017 804 suapiccr.
1060 727 1147 787 Con-

67 812 192 872 iecturae
218 810 270 868 dat
295 813 519 886 argumentum,
547 805 629 885 quod
652 815 723 886 post
747 808 896 867 Simonem
914 810 994 869 inter
1014 811 1147 872 Pontifi-

69 915 113 956 ces
144 893 374 968 duodecimum,
413 890 437 949 si
469 889 602 950 decimus
631 893 739 950 tertius
764 891 887 950 accedat
914 891 1020 970 Onias,
1058 897 1145 956 lason

69 991 183 1060 quartus
205 979 354 1052 decimus,
376 971 524 1033 Menelaus
549 975 667 1053 quintus
693 975 843 1050 decimus,
862 975 1054 1055 Lysimachus
1075 1001 1146 1040 sex·
1238 963 1244 978 ¹

68 1075 111 1124 tus
131 1065 262 1124 decimus
294 1061 490 1140 (cunctorum
518 1061 599 1119 enim
626 1059 748 1118 nomina
769 1079 876 1138 resque
900 1068 994 1138 gestas
1019 1082 1146 1140 percen-

69 1159 111 1208 set
134 1147 254 1209 Anthor
281 1143 315 1203 in
346 1143 558 1226 sequentibus)
598 1145 748 1225 quomodo
781 1145 886 1204 ludam
917 1153 1035 1204 sautum
1062 1146 1145 1206 daci·

67 1254 143 1292 mum
159 1233 295 1294 Iudaicae
312 1228 460 1287 Ecclesiae
475 1227 592 1309 reponit
606 1229 775 1290 Antiatitem
786 1230 884 1311 pagin.
896 1233 968 1294 287.
984 1231 1019 1291 A.
1036 1249 1072 1289 ac
1087 1251 1148 1290 non

69 1320 165 1398 potina
189 1315 346 1396 septimum
369 1313 515 1372 decimum
522 1360 532 1388 ,
558 1314 607 1374 vel
629 1315 717 1373 etiarn
739 1315 885 1374 decimum
907 1334 1036 1392 nonum,
1062 1315 1149 1374 Alci-

67 1423 111 1462 me
129 1403 287 1472 nimirum,
310 1415 398 1475 quem
418 1417 564 1457 summum
587 1399 774 1458 Sacerdotem
793 1399 844 1460 lib.
862 1403 891 1465 1.
910 1399 1003 1459 Maec.
1029 1420 1097 1480 cap.
1117 1407 1148 1466 7.

67 1505 92 1548 v.
107 1491 137 1553 3.
156 1496 187 1547 et
202 1491 230 1552 9.
248 1480 415 1563 praedicat,
437 1491 467 1540 et
485 1479 627 1543 Matathia
647 1482 737 1542 Indae
750 1493 835 1562 petre
854 1485 887 1542 in
899 1483 1076 1545 Pontificum
1090 1506 1150 1545 nu-

65 1591 179 1631 merum
199 1564 371 1626 edvocatis't
400 1565 461 1625 Nec
480 1565 644 1626 Menelaum
664 1565 766 1644 itaque
789 1587 846 1627 nec
858 1567 1066 1646 Lysimachum
1085 1571 1151 1631 ira·

64 1664 140 1732 trea,
163 1673 220 1713 nec
239 1649 387 1710 Alcimum
410 1650 447 1708 ob
465 1651 615 1730 proditam
633 1649 773 1732 pietatem
788 1659 818 1710 et
836 1652 980 1711 desertam
993 1651 1081 1713 fidem
1099 1655 1150 1713 in-

62 1741 172 1814 fames,
194 1736 246 1796 sed
265 1753 360 1814 neque
375 1731 563 1813 Matatlaiam,
584 1736 666 1814 quod
688 1755 719 1796 se
737 1735 843 1816 populi
865 1736 1068 1814 liberatorem,
1088 1758 1152 1797 non

62 1823 156 1884 sacris
177 1821 358 1901 praelectum
371 1819 510 1898 gesserit,
532 1819 725 1880 Pontificibus
739 1829 874 1892 accenset
889 1821 1049 1900 Georgius,
1072 1823 1151 1882 salos

64 1917 163 1970 eutem
175 1905 303 1964 Simonis
316 1903 396 1963 tilios
409 1905 442 1964 in
459 1905 522 1964 eius
536 1904 656 1983 scriptis
668 1905 844 1982 desiderari,
865 1927 900 1965 ac
917 1905 972 1965 sub
987 1925 1090 1966 eorum
1105 1907 1151 1966 al-

63 2003 128 2060 tero
142 1983 272 2050 Iasufilii
287 1987 392 2048 Sirach
405 1990 584 2050 mentionem
598 1989 706 2049 tactam
717 2011 755 2050 ex
768 1990 846 2050 inira
858 1989 988 2071 legendis
1002 2011 1068 2070 pag.
1080 1994 1152 2058 286.

65 2079 104 2136 ad
115 2069 295 2136 Antiochum
308 2074 489 2154 Eupatorem
502 2075 645 2135 arbitrere
666 2095 795 2155 quorum
814 2075 889 2136 ordo
908 2084 937 2134 et
955 2084 1073 2156 tempus
1092 2073 1153 2136 hoc

65 2169 157 2243 pecto
172 2159 361 2240 disponenda.
741 2193 744 2203 .

149 2237 297 2308 Ἰουδαίων
314 2238 361 2328 η’.
394 2235 609 2328 ’ρχιεράτευσεν
621 2236 722 2318 Ὀνίας
734 2247 852 2327 κροδτος
863 2241 1002 2326 Σίμωνος
1017 2240 1085 2320 eide
1104 2241 1155 2325 ἔτη

67 2321 113 2413 ιγ’.
125 2333 180 2391 τοῦ
194 2327 226 2392 δὲ
239 2323 353 2409 κόσμου
375 2323 441 2409 esti.

145 2408 214 2476 Ἐπί
235 2410 342 2476 τούτου
362 2387 508 2491 ίησοδςδ
529 2413 585 2472 eod
595 2405 707 2493 Σιράχ,
730 2406 818 2492 drale
830 2412 952 2490 Σοφίαν
963 2407 1087 2494 γράψας
1098 2408 1155 2493 την

68 2495 252 2602 κορίοημένην
277 2491 472 2581 Keriparon,
499 2493 533 2559 to
554 2485 577 2582 ᾗ
595 2495 647 2560 καί
667 2494 812 2577 μέμνηται
825 2499 888 2560 ’τοῦ
906 2489 1007 2560 Ὀνίου
1020 2501 1075 2560 τοῦ
1095 2494 1155 2580 sepo*

71 2605 169 2646 οντου.
963 2597 967 2606 ’

146 2661 299 2730 Ἰουδαίων
316 2657 363 2728 ιδ’.
381 2657 513 2743 Ἰησοῦς,
533 2660 554 2726 d
569 2661 621 2726 secl
638 2656 756 2737 Ἰάσων,
777 2655 914 2747 δεύτερος
929 2663 1069 2744 Σίμωνος
1081 2658 1155 2739 vide,

69 2743 166 2815 Ὀνίαν
183 2747 325 2828 άδείφδς,
349 2747 399 2828 ἔτη
413 2742 450 2831 μ’.
464 2751 521 2811 τοῦ
533 2744 566 2810 dl
584 2744 697 2829 κόσμον
712 2742 796 2833 ,sesai

147 2831 302 2899 Ἰουδαίων
319 2831 362 2896 ιε’.
381 2828 483 2906 Ὀνίας
501 2829 603 2908 άίίος,
625 2835 722 2916 τρίτος
736 2833 875 2912 Σίμωνος
889 2827 972 2908 cide,
986 2833 1042 2893 'coel’
1052 2823 1156 2892 Ὀνίου
1168 2835 1200 2893 P.
1216 2839 1253 2894 to

52 2920 119 3000 seed
131 2915 234 3002 Ἰησοδ
247 2915 389 2998 άδείφδς,
410 2917 488 2980 duel
501 2918 672 2996 Μενέλαος,
695 2918 744 2998 ἔτη
759 2911 807 2989 ις’.
827 2920 884 2980 τοῦ
895 2914 929 2980 δὲ
943 2909 1054 2997 κὸσμου
1066 2909 1156 3001 Ιετιηῖ

149 3009 310 3084 Ignorant,
331 3005 468 3084 inquies,
490 3013 628 3082 quartum
648 3001 731 3062 hunc
746 3002 853 3063 Oniam
865 3009 900 3061 'et
914 3001 978 3061 eius
993 2999 1157 3060 Pontifica-

72 3098 132 3152 tum
146 3089 337 3168 Ghronologi.
381 3087 469 3162 Quod
488 3087 679 3160 brevissimo,
700 3107 736 3147 ac
752 3107 816 3148 non
835 3086 970 3167 putando
990 3085 1086 3166 apatic
1107 3094 1158 3146 ta-

73 3177 183 3235 nnes-it:
213 3175 346 3254 inquam.
395 3173 481 3232 atltae
511 3172 587 3231 enim
619 3173 769 3233 Menelaus
794 3180 824 3231 et
847 3169 1039 3250 Lysimachus
1066 3171 1159 3231 frater

73 3259 342 3342 Pseudopentitiees
359 3256 485 3338 perditis
506 3255 637 3317 moribus
652 3258 791 3318 instructi
804 3265 900 3317 totum
915 3255 956 3314 eia
970 3263 1088 3335 tampua
1102 3275 1159 3314 oc-

74 3355 191 3498 piappeng.
233 3343 314 3494 Alizs
328 3341 525 3486 indpbtitatam
541 3341 646 3484 dasillo
664 3342 754 3487 fidppp
767 3340 840 3486 lactip
853 3339 994 3485 Iosephus
995 3339 1072 3484 filuel.
1088 3339 1158 3483 Apt.

113 3439 268 3509 .1.cap.
305 3445 549 3505 .1nene,quo
587 3431 693 3486 insonis
745 3447 789 3486 sos
839 3446 885 3503 ea,
933 3425 1093 3484 euticium
1129 3425 1159 3481 i-

75 3515 212 3590 gnitatem
235 3521 405 3592 asaequutos
424 3509 557 3569 dilucide
577 3521 715 3574 testatur.
743 3503 808 3574 sind
828 3508 861 3574 δὲ
879 3507 930 3574 τὸν
946 3504 1037 3574 adedo
1052 3505 1161 3590 καιρδν

76 3593 297 3674 ἀποθανόντος,
319 3596 397 3678 (lego
411 3601 505 3658 ασθαι
525 3592 677 3681 redderer)
691 3594 742 3658 καί
756 3590 857 3659 Ὀνίου
868 3599 925 3658 τοῦ
940 3590 1105 3676 άρχιερὲως,
1118 3595 1161 3674 τῷ

76 3676 193 3770 άδείφρῖ
211 3677 304 3746 adrani
314 3676 414 3762 Ἰησοῦ
425 3675 482 3760 τηίι
496 3677 719 3763 αρχιερυσάνην
732 3681 856 3744 δίδωσιν
870 3679 889 3742 d
901 3673 1048 3760 βασιλεύς.
1070 3675 1085 3740 d
1122 3671 1159 3756 άρ

75 3775 158 3844 ταῖς,
181 3763 218 3830 dv
231 3762 332 3841 Ὀνίας
348 3766 568 3841 καταλελοίπει,
589 3758 700 3846 νήπιος
720 3756 761 3846 ἦν
775 3766 835 3846 deep.
861 3758 975 3842 Ἰησοδς
999 3757 1065 3842 δὲ(
1110 3779 1160 3830 τος

76 3848 129 3934 γάρ
142 3843 183 3933 ἦν
196 3851 214 3916 δ
226 3847 356 3931 άδείφδς
370 3853 427 3912 τοῦ
437 3843 560 3932 Ὀνίου)
580 3847 636 3930 την
651 3844 875 3934 ἀρχιερωσύνην
890 3841 1050 3930 άφηρίθη,
1070 3859 1161 3926 κροσ-

78 3936 266 4040 ορρισδίνιος
289 3932 371 4022 calepi
389 3939 445 3997 τοδ
469 3934 628 4016 βασιλέως,
649 3934 702 3998 καί
725 3931 830 4008 δόντος
853 3927 950 4010 edesio
967 3933 1009 4015 epi
1024 3922 1161 4011 νεωτάτῳ

78 4027 170 4085 αυτοῦ
188 4017 307 4108 άδείφῷ
318 4015 381 4084 ’Oet
416 4017 558 4098 τοῦνομα.
578 4023 696 4100 Σίμωνι
713 4015 771 4102 γάρ
791 4011 876 4082 οὗτοι
892 4013 1029 4095 ἐγίνοντο
1047 4013 1162 4084 παῖδες,

77 4105 126 4167 καί
143 4107 186 4181 είς
199 4103 271 4181 rode
284 4111 363 4188 τρεῖς
373 4043 483 4184 άκενη*
497 4099 719 4184 άρχιεροισάνη,
739 4098 844 4174 nadair
857 4094 1073 4179 δεδηλώκαμεν.
1094 4099 1162 4157 nx-

78 4202 218 4250 autorato
227 4213 286 4272 pes·
297 4189 377 4248 idem
393 4201 508 4270 tempus
523 4191 606 4249 Ossia
620 4188 781 4266 Pontifice,
797 4188 899 4263 fratri
914 4187 979 4242 eiua
993 4183 1061 4242 Iesu
1075 4185 1162 4242 Poss-

77 4275 227 4352 tijicaeam
245 4275 376 4335 contulit
395 4275 460 4334 Rex
474 4273 664 4333 Antieolauea
686 4269 770 4351 quod
783 4267 872 4348 filine
889 4268 928 4328 ab
944 4269 1026 4328 Ossia
1040 4268 1163 4326 relictus

78 4369 148 4419 tunc
168 4371 243 4420 esaet
259 4359 425 4440 parvulus.
467 4359 551 4420 Iessea
567 4379 635 4420 νενο
655 4353 722 4438 (tie
743 4355 841 4416 osaias
854 4354 1050 4436 fraterfus't)
1071 4355 1164 4413 etiam

143 4461 240 4534 (deneg.
256 4461 395 4531 syncellus.
412 4457 446 4514 u
678 4511 680 4514 ,
754 4500 758 4512 .
915 4441 959 4506 33

148 4655 173 4700 Ι
