2960 4716
492 345 793 418 DISSERTATIO.
1149 345 1200 414 23

110 527 223 568 menon
238 505 317 566 levis
336 505 478 590 suspicio
494 505 598 586 arguit.
620 539 660 554 -
682 506 727 567 Ne
749 515 850 568 sutem
871 506 937 588 quis
953 505 1132 589 verbispeg.
1147 513 1197 578 89.

108 594 173 654 tu.
190 592 229 672 ¹²)
250 593 402 671 fallatur,
426 602 461 652 ut
482 592 599 668 credat,
620 593 779 672 Georgium
798 604 829 653 et
850 591 908 652 bec
925 592 957 651 in
976 595 1200 674 computatione

101 677 148 736 arbi
161 678 388 754 contradicere3
420 677 601 737 monendum
618 697 680 737 esse
699 679 840 755 videtur,
863 697 980 738 omnem
1001 677 1083 737 hunc
1100 680 1201 740 locum

101 783 134 821 ex
150 763 270 822 Eusebio
289 762 486 843 descriptum
499 781 575 838 esse,
597 763 650 842 qui
666 763 817 842 triplicem
830 763 862 823 in
875 763 980 823 seriem
996 765 1199 844 computatio-

100 867 159 908 nem
179 865 327 907 annorum
346 867 366 907 e
389 847 576 928 septuaginta
590 845 822 928 interpretibus,
844 869 882 909 ex
896 847 1098 908 Hebraeorum
1113 849 1199 909 codi-

101 933 191 1010 cibus,
211 942 299 1012 atque
319 951 338 993 e
360 933 561 993 samaritanis
578 932 741 1012 digesserat
764 953 829 1014 pag.
855 936 906 1000 80.
925 933 959 992 G.
978 933 1013 992 ll.
1035 939 1069 1008 1,
1090 933 1121 992 in
1145 953 1198 994 sua

100 1035 165 1078 vero
184 1017 382 1098 computandi
405 1019 522 1078 ratione
541 1016 651 1078 cainan
672 1028 815 1098 tanquam
830 1018 866 1076 eb
881 1019 973 1076 eliens
990 1037 1082 1077 manu
1097 1017 1199 1078 inser-

102 1111 158 1160 tum
177 1103 329 1178 omiserat,
355 1111 448 1182 etque
468 1103 547 1163 inter
568 1103 716 1164 diluvium
731 1112 761 1162 et
778 1099 911 1162 Abrelrso
930 1103 1115 1162 nativitatem
1136 1124 1198 1164 non

105 1190 193 1262 1070,
215 1188 266 1246 sed
281 1189 350 1256 942
374 1209 474 1247 annos
495 1187 672 1248 numeravit.
691 1221 727 1234 -
747 1189 934 1268 Simulquea
956 1187 1082 1266 Georgio
1098 1190 1199 1249 varie-

102 1277 172 1330 tstes
186 1272 320 1331 lectionis
336 1273 374 1331 in
392 1273 527 1332 numeris
544 1275 604 1335 σῦν
620 1267 645 1336 ο’
660 1274 816 1348 discimus,
839 1293 917 1352 quae
938 1275 971 1332 in
986 1273 1094 1332 nostris
1109 1273 1199 1332 codi-

104 1354 184 1412 cibus
196 1377 254 1416 non
268 1358 422 1435 leguntur.
467 1355 629 1438 Arphsxed
645 1359 734 1435 anim,
754 1359 859 1419 scribit
872 1379 901 1438 p.
917 1359 987 1424 115.
1003 1357 1036 1416 A.
1051 1357 1096 1432 B.,
1119 1377 1198 1418 anno

107 1440 202 1498 setstis
217 1443 271 1508 135
283 1443 391 1520 genuit
409 1443 533 1517 Cainsn,
549 1443 581 1502 A.
597 1443 635 1502 Μ.
650 1447 743 1521 0377,
764 1445 900 1522 vixitque
914 1463 1008 1502 annos
1024 1443 1088 1508 355
1104 1461 1197 1522 usque

108 1523 143 1582 sd
155 1525 186 1584 A.
198 1526 234 1584 ll.
248 1531 342 1602 2732,
370 1535 459 1606 etqua
475 1527 550 1588 obiit
568 1527 670 1586 decern
686 1549 780 1586 anuos
797 1537 866 1587 ante
884 1537 999 1608 petrem
1014 1547 1101 1587 suum
1116 1529 1194 1588 Sem.

105 1601 190 1690 (llaec
204 1611 277 1670 ratio
298 1612 362 1671 sibi
379 1621 514 1672 constat:
535 1613 602 1671 Sem
618 1611 696 1671 enim
712 1613 746 1676 A.
761 1613 800 1672 Μ.
817 1613 900 1680 2142
917 1623 1004 1672 natus
1017 1612 1196 1692 quingentos

106 1713 189 1755 annos
206 1705 271 1776 post
286 1697 459 1773 diluvium,
483 1697 562 1778 quod
576 1697 609 1756 in
630 1717 741 1758 annum
761 1699 846 1764 2042
861 1695 985 1772 incidit,
1006 1697 1102 1772 uixit3
1126 1717 1196 1775 ergo

105 1789 229 1840 mortuus
243 1792 288 1841 eat
306 1784 347 1840 A.
370 1781 410 1841 bl.
425 1781 532 1862 2742).
572 1781 608 1842 ln
628 1783 694 1842 eliis
710 1803 782 1842 vcro
799 1782 954 1842 codicibus
972 1781 1119 1860 (intellige
1135 1782 1197 1841 lle·

108 1861 244 1943 braicos),
263 1875 296 1927 ut
313 1867 457 1942 Eusebii,
479 1887 557 1943 esee,
579 1867 780 1948 Arpliaxaden
798 1877 868 1948 poet
891 1867 1000 1926 Salam
1016 1875 1119 1926 nutum
1139 1887 1196 1925 sn·

112 1965 162 2005 noe
182 1949 238 2016 los
259 1951 345 2011 inter
367 1951 457 2011 vivos
478 1952 580 2030 egisse.
588 1953 608 1980 ”
652 1953 801 2012 Numerus
823 1953 885 2018 403
908 1971 946 2010 ex
969 1949 1122 2010 Hebraicis
1141 1960 1195 2028 eat,

112 2031 269 2109 quibuscum
283 2037 482 2097 consentiunt
494 2035 644 2097 versiones
659 2047 688 2096 et
701 2038 821 2116 Syriam
835 2045 866 2095 et
877 2033 1018 2112 Arabics3
1041 2053 1197 2095 numerum

109 2135 175 2176 Vero
187 2121 260 2196 355,
281 2141 374 2202 quem
390 2122 533 2200 Georgius
555 2142 659 2182 venam
677 2141 740 2182 esse
758 2129 876 2196 censet,
899 2139 1044 2202 quemque
1059 2141 1074 2179 a
1090 2119 1196 2181 scribis

111 2220 164 2260 nou
177 2215 352 2286 corruptum
375 2225 454 2282 esse,
476 2207 577 2286 plures
601 2227 669 2265 cum
685 2205 745 2266 boc
759 2225 881 2266 numero
903 2205 1119 2266 consentientes
1135 2225 1197 2264 nu-

113 2287 177 2345 meri
189 2289 401 2366 demonstrent,
422 2312 519 2370 neque
533 2291 564 2349 in
581 2292 733 2351 Hebraicis
747 2311 845 2372 nequa
857 2291 888 2350 in
903 2291 1024 2350 Graccis
1041 2289 1196 2350 codicibus

112 2373 226 2451 reperio:
245 2377 277 2435 in
297 2375 423 2436 Graecis
446 2385 491 2436 cst
511 2385 563 2434 aut
584 2377 661 2452 400,
685 2387 737 2437 out
757 2377 835 2452 430,
857 2387 909 2435 eut
926 2379 998 2442 330.
1020 2409 1064 2423 -
1092 2375 1196 2452 „Dein

114 2455 211 2518 Csineu
228 2480 307 2522 enno
323 2461 430 2521 aetatis
446 2465 516 2538 130,
536 2461 557 2520 i.
574 2480 599 2520 e.
613 2463 647 2521 A.
664 2461 702 2522 Μ.
722 2464 816 2537 0507,
830 2461 929 2540 genuit
943 2461 1056 2536 Selom,
1077 2471 1107 2520 et
1118 2459 1198 2519 vixit

115 2539 158 2620 leq
169 2537 208 2604 ol'
218 2544 239 2605 i.
249 2566 275 2606 e.
289 2547 369 2612 43οι
393 2545 439 2628 (in
459 2546 553 2605 latine
572 2547 709 2606 versione
723 2546 836 2624 legitur
849 2547 926 2620 4503
939 2541 951 2624 )
966 2545 1000 2603 in
1021 2543 1197 2624 quibusdam

118 2643 180 2683 rem
204 2631 419 2711 exemplaribus
446 2641 492 2689 est
516 2633 617 2696 880st
658 2631 694 2691 In
717 2630 829 2692 nostris
852 2629 1007 2690 codicibus
1029 2629 1093 2688 sine
1116 2627 1199 2687 omni

121 2709 245 2771 rarislsls
260 2716 372 2792 legitur
387 2718 459 2780 330.
475 2713 516 2796 ¹³)

188 2795 268 2859 Hsnd
282 2800 358 2860 levis
375 2797 497 2879 quidem
509 2799 621 2858 loboris
635 2799 724 2872 foret,
745 2797 846 2857 omnis
860 2797 979 2876 Georgii
991 2795 1059 2856 loca
1076 2795 1108 2855 in
1125 2815 1198 2856 con·

117 2878 231 2942 cordiam
248 2905 407 2960 revocare3
429 2903 516 2964 saepe
540 2883 620 2944 enim
642 2883 778 2942 duriores
795 2889 913 2944 tsntum
929 2881 1058 2942 rationes
1079 2881 1197 2940 dissen-

117 2983 172 3024 sum
185 2969 285 3029 tollerc
300 2977 437 3048 possunt,
459 2989 585 3048 quarum
600 2967 636 3026 ab
650 2987 706 3028 usu
719 2967 807 3027 etiem
823 2967 997 3028 criticorum
1011 2987 1116 3047 parum
1129 2967 1198 3026 lau-

117 3047 176 3109 dets
186 3055 326 3113 modestia
337 3055 399 3114 lere
408 3053 558 3115 abhorret.
586 3054 742 3124 Dissensus
754 3052 899 3113 eiusmodi
909 3061 953 3112 cst
962 3052 995 3109 in
1005 3052 1090 3110 annis
1098 3051 1189 3110 Mosis

188 3138 345 3216 Abrabam,
367 3139 414 3199 uti
432 3137 561 3198 vidimus
568 3183 578 3215 ,
601 3148 689 3198 natus
710 3148 754 3198 est
774 3138 938 3198 secundum
966 3135 1087 3213 Georgii
1111 3155 1199 3194 com-

146 3267 188 3336 l2)
209 3267 266 3326 isse
283 3271 382 3328 seim
405 3268 478 3326 md
495 3263 563 3333 tois
579 3268 603 3326 o'
615 3268 650 3324 eal
667 3265 719 3339 pis
736 3265 792 3326 daed
811 3271 864 3326 soei
885 3263 970 3334 Ἀῦῦμ
987 3263 1033 3324 ἐπὶ
1046 3263 1097 3322 eds
1114 3285 1199 3352 κατα·

172 3337 289 3412 slsepo's
309 3339 358 3409 ἔτη
377 3337 464 3412 βσμβ
472 3357 479 3371 ’
497 3339 533 3394 τοὶ
550 3336 581 3395 di
601 3333 656 3394 dud
672 3339 724 3396 τοῦ
741 3339 936 3407 κατακλυσμοῦ
951 3335 1001 3402 ἕως
1019 3339 1071 3392 τοῦ
1085 3355 1199 3406 uptam

174 3413 248 3482 ἔτους
256 3415 377 3492 Ἀβραὰμ
388 3416 435 3486 ἔτη
443 3411 543 3493 mid.
566 3413 602 3471 sd
614 3416 708 3471 πάντα
721 3413 768 3484 ἔτη
777 3413 873 3488 pond.
896 3415 994 3467 Eadem
1006 3411 1071 3467 dicit
1082 3429 1141 3482 pag.
1155 3413 1199 3472 88.

174 3491 217 3546 Ga
229 3487 320 3564 Ὁμοῦ
335 3489 392 3550 siud
407 3497 459 3547 νοῦ
471 3495 664 3562 κατακλυσμοῦ
684 3491 729 3550 ἐπὶ
742 3489 774 3548 sd
794 3495 906 3565 sepultos
924 3488 986 3554 hoc
997 3487 1132 3564 Ἀβραὰμ,
1149 3487 1198 3562 ἔνη

176 3569 266 3648 λοῦ,
282 3566 376 3629 ὁκόσα
389 3565 426 3643 ἦν
437 3572 485 3627 καὶ
500 3569 572 3627 ansel
586 3572 641 3624 σῦν
654 3567 678 3626 o'
695 3571 849 3640 ἑρμηνείαν.
888 3570 923 3624 At
941 3585 1002 3639 pag.
1019 3570 1062 3623 86.
1086 3570 1119 3623 A.
1136 3583 1198 3621 cou-

176 3649 303 3702 tendereta
319 3645 384 3704 ’Aue
397 3651 449 3703 τοῦ
459 3647 652 3718 κατακλυσμοῦ
664 3645 715 3710 lov
727 3648 781 3702 sod
791 3641 903 3714 σοῦσον
918 3643 997 3708 drove
1007 3641 1126 3715 Ἀβοαᾶμ
1138 3639 1199 3716 ,ud-

174 3713 225 3772 ἀπὸ
238 3713 366 3788 simoen
380 3715 432 3781 inc
445 3714 497 3787 pls
511 3719 564 3774 τοῦ
574 3721 711 3772 neemiae
749 3713 828 3786 ῦέση
840 3713 937 3787 βσμβ·
953 3715 999 3772 isi
1019 3713 1050 3770 dl
1068 3711 1101 3769 cd
1122 3713 1201 3780 ποῦ·

175 3804 220 3842 κον
239 3783 302 3852 ἔτος
317 3785 437 3859 Ἀβραὰμ
464 3785 511 3856 len
532 3785 609 3872 pud
617 3823 626 3852 ‚
651 3781 688 3852 oie
706 3735 748 3844 A:
755 3788 795 3856 spi
815 3784 913 3840 κανόνι
932 3785 1030 3854 σαφοῦς
1043 3779 1198 3839 simoninus.

177 3855 218 3923 1³)
233 3857 331 3909 Locum
342 3863 479 3928 praetores
491 3857 564 3910 vitus
576 3856 716 3909 scribarum
728 3853 861 3921 leborare,
878 3863 995 3926 apparet.
1030 3854 1117 3922 Lego:
1133 3845 1198 3906 τινα

175 3921 201 3980 dl
212 3926 270 3979 osis
282 3921 472 3996 ἀντιγράφων,
488 3919 527 3990 ῦς
538 3925 585 3979 καὶ
600 3920 748 3996 Εῦσεβίον,
765 3921 807 3993 κγ’
820 3923 912 3993 ἔχουσι
924 3925 988 4000 τοῦ
999 3915 1137 3992 Ἀρφαξῦσ
1150 3937 1198 3990 μν-

175 3991 206 4048 at
222 3994 254 4050 sd
274 3997 407 4064 γεννῆσαι
424 3992 513 4049 «dede
532 3993 625 4058 zeta,
644 3991 687 4057 oie
707 3991 772 4048 οὐδ’
788 3988 859 4058 dtur
878 3991 1025 4080 ἑπόμεθα,
1039 3987 1131 4058 πάντη
1149 3989 1201 4060 τῆς

177 4057 307 4132 ῦὶηθσίαο
318 4067 376 4119 νῦν
386 4063 494 4134 χρόνον
505 4063 554 4119 καὶ
565 4065 622 4119 νῦν
633 4067 734 4134 γανοῦν
747 4064 940 4133 ῦιημαοσηκο
948 4079 964 4117 σ
971 4081 990 4116 a.
1007 4057 1134 4143 uselydp
1148 4060 1201 4114 τοῦ

178 4133 281 4188 linistis
293 4133 344 4189 eds
356 4134 437 4191 Σῦλα
450 4134 615 4202 γεννῆσαί
627 4149 698 4202 φασι
710 4131 761 4190 σῦν
772 4131 923 4202 ’Apputdm
938 4128 1100 4200 Ἀφοικονος
1112 4147 1141 4186 ss
1153 4128 1202 4184 sul

181 4196 317 4272 Εῦσέβιοσ.
327 4233 363 4244 -
379 4202 509 4256 Robertus
517 4201 621 4256 Holmes
631 4211 730 4286 septem
743 4202 819 4256 codd.
862 4219 938 4255 esoos
943 4206 972 4254 et
983 4197 1125 4254 vcrslonem
1137 4201 1203 4254 Are·

179 4270 269 4338 bitem
285 4271 424 4358 Goptiosm
437 4279 464 4323 et
475 4271 635 4324 Slavoniosm
648 4278 730 4335 meat,
746 4269 772 4323 in
792 4271 836 4341 qui
854 4287 885 4326 us
898 4285 1017 4326 numme
1030 4267 1201 4340 &illegitima

182 4365 212 4378 -
226 4341 334 4399 Nmoerr
349 4355 413 4398 reso
427 4341 480 4398 555
494 4339 588 4396 nullam
602 4339 742 4414 exemplum
757 4339 844 4395 ederi..
953 4358 958 4366 ¹
