2860 4714
422 361 485 432 nu
503 359 857 435 mnortnonns.
1100 355 1179 430 411
1216 389 1221 394 -

83 521 192 588 mnndi
215 525 310 590 290⁰·
330 519 419 584 medii
437 521 539 582 fluunt
561 521 621 583 ooli
645 521 717 590 124.
735 523 815 589 anni.
845 519 922 586 Vide
935 521 1059 584 citatum
1079 523 1181 592 locum

82 629 149 692 pag·
169 610 242 676 147.
259 610 294 668 Ι).
308 628 367 689 qno
381 627 445 668 non
459 603 515 672 λα’.
528 617 563 667 nt
575 607 677 670 reddit
683 610 812 691 Sceliger
824 629 892 693 pag.
905 618 1009 670 taxtue
1020 609 1183 672 Eneebiani

80 701 133 762 14.
145 695 204 756 red
219 689 276 774 λη’.
292 693 449 754 manifesto
467 692 651 756 rcribnntur.

169 781 242 857 Pag-
265 783 318 846 92.
340 775 430 842 Meni
442 773 558 852 τοῦςέ.
573 777 759 858 Χαλδαίου]
781 780 899 860 Septem
909 787 1040 840 oetentat
1052 797 1120 860 pag.
1131 783 1183 846 90.

80 865 136 927 hic
158 883 235 926 vero
255 865 406 924 Nembrod
427 862 532 922 dhami
547 862 658 924 nemine
674 873 866 942 procreatum
887 873 918 925 et
937 864 1131 944 elienigenam
1145 883 1185 926 ex

83 950 309 1012 Chaldaeorum
321 949 389 1008 elbo
406 947 560 1028 expungit.

168 1029 309 1116 Ἀράβων
322 1035 420 1116 τρίτος
434 1030 646 1116 latitarem]
668 1031 780 1092 Arabae
798 1026 874 1090 ie'tor
890 1049 972 1110 reget
986 1052 1094 1113 parum
1108 1031 1187 1094 fide-

80 1121 159 1181 liter
170 1119 333 1202 meripeit
345 1119 475 1198 Scaliger
486 1137 553 1200 pag.
569 1117 622 1186 14.
644 1118 718 1178 Gum
733 1117 811 1178 enim
824 1116 914 1196 Regio
928 1118 1075 1178 recundue
1088 1118 1188 1178 mani·
1283 1135 1284 1138 ’

82 1207 163 1267 terte
178 1204 276 1282 derit,
299 1203 380 1264 etde
395 1205 493 1285 primo
507 1205 655 1283 tertioque
671 1203 790 1264 diruti·
803 1202 903 1264 verbia
921 1211 1023 1283 aperta
1035 1202 1088 1262 liat
1103 1221 1189 1262 men·

79 1291 148 1368 tio;
169 1290 237 1372 ipre
250 1291 370 1352 tertium
383 1289 547 1350 recundnm
561 1307 625 1348 erae
638 1289 736 1365 innuit,
754 1297 894 1368 quadum
908 1287 942 1348 in
957 1287 1078 1348 tertiam
1091 1286 1190 1348 eedem

82 1375 266 1452 recendere,
295 1375 434 1454 quintum
456 1375 491 1434 in
517 1383 670 1454 quartem,
702 1383 732 1434 et
755 1381 874 1434 textum
901 1373 933 1432 in
961 1371 1191 1454 praecedentem

81 1463 242 1541 quintam:
263 1459 412 1520 eeeundne
427 1469 544 1536 autom,
565 1457 771 1518 cuiueuomen
784 1467 814 1518 et
827 1457 899 1518 anni
912 1459 1034 1520 deerant
1044 1457 1189 1538 inliegio,

80 1547 117 1606 in
140 1555 264 1606 eentum
282 1545 426 1624 relegauit
450 1543 603 1618 ordinem,
630 1552 660 1603 et
675 1543 834 1624 Anonymo
851 1543 924 1604 lieet
937 1563 1031 1604 ennon
1045 1547 1097 1611 41.
1112 1543 1189 1604 arai·

81 1631 212 1710 gnevit,
232 1629 293 1689 hoc
304 1637 406 1710 pecto.
432 1623 564 1709 Αοάβον
577 1627 768 1708 tpoeottmnv
784 1624 808 1701 ς’
809 1669 969 1690 ......
992 1627 1043 1708 len
1062 1621 1121 1708 μα’.
1142 1629 1189 1688 lte

81 1735 125 1776 ex
142 1714 264 1793 Georgii
280 1735 361 1796 penu
374 1714 556 1794 proprieque
569 1713 703 1773 Minerva
717 1713 773 1772 eibi
786 1733 872 1776 enum
886 1711 998 1773 conllat
1013 1711 1187 1772 Eneebinmt

83 1801 143 1860 eod
157 1810 275 1862 temere.
302 1799 383 1859 Huic
398 1800 510 1880 quippe
525 1807 627 1875 eexto,
649 1817 702 1858 eeu
715 1799 816 1860 verine
828 1799 960 1859 necundo
976 1797 1016 1856 ad
1030 1797 1188 1876 complen-

83 1887 145 1946 doe
162 1887 236 1950 216.
256 1885 363 1962 quibua
376 1885 487 1945 hrabea
498 1893 662 1944 tenuerunt
672 1885 830 1966 imperinm
844 1885 896 1950 40.
917 1883 1063 1942 duntaxat
1075 1881 1188 1941 deben-

83 1981 143 2030 tur
160 1970 241 2028 enni.
263 1969 458 2050 Depravendo
468 1967 499 2027 in
512 1969 594 2028 hunc
607 1969 732 2028 modum
746 1969 867 2048 Georgii
878 1967 975 2027 textui
989 1965 1072 2027 dedit
1087 1985 1187 2026 eneent

85 2053 223 2114 librarii
235 2053 331 2133 laprur
344 2075 360 2113 e
379 2055 529 2131 Scaligero
542 2074 605 2114 nou
620 2053 853 2116 animadvertat.
874 2053 931 2114 llle
948 2051 1096 2131 aiquidem
1118 2069 1187 2110 oum

85 2139 187 2222 primi
201 2139 277 2217 regia
292 2139 492 2200 hiardocentie
508 2147 631 2198 aetatem
650 2159 685 2198 ac
702 2139 808 2200 mundi
825 2157 919 2198 annot
932 2138 1026 2197 eidem
1040 2135 1188 2216 copulan-

86 2227 148 2285 dos
164 2241 229 2283 non
242 2225 431 2305 apperuerit,
454 2223 673 2304 praeter-velato
692 2229 806 2304 pariter
822 2224 902 2304 regie
919 2222 1044 2282 neundi
1057 2221 1189 2299 nomine,

86 2329 203 2371 annum
215 2311 322 2372 mundi
334 2309 428 2376 8041.
449 2329 509 2389 quo
526 2310 625 2389 coepit
637 2310 785 2369 recundue
796 2310 853 2372 iate
866 2315 1042 2388 Anonymue
1056 2325 1190 2386 regnare,

86 2395 184 2480 primi
202 2396 281 2474 regia
302 2395 419 2455 nomini
435 2411 558 2454 emoneo
580 2393 706 2452 adiecite
727 2413 766 2454 ex
780 2393 827 2452 hie
849 2403 946 2453 antem
966 2393 1071 2459 0041.Ι
1084 2389 1191 2450 mundi

88 2481 177 2542 annia
194 2480 233 2540 ad
253 2483 347 2546 8086.
369 2478 459 2539 medii
472 2487 601 2539 currunt
617 2477 671 2543 45.
693 2479 848 2538 memorati
863 2489 893 2538 et
905 2476 966 2556 regi
982 2477 1113 2536 necundo
1134 2475 1192 2534 de-

88 2567 155 2629 biti.
185 2565 339 2640 Quocirca
354 2583 535 2624 cumennoe
561 2561 613 2629 15.
635 2563 740 2622 mnndi
760 2561 854 2628 8041.
874 2561 1051 2642 incipientes
1063 2560 1097 2618 in
1118 2557 1193 2619 Siei-

90 2651 226 2712 murdaci
246 2650 377 2731 primum
392 2659 421 2710 et
433 2650 539 2708 mundi
555 2651 647 2714 3086.
668 2655 749 2707 recte
764 2649 921 2706 terminari
936 2646 1067 2722 Scaliger
1083 2646 1193 2722 depre-

89 2737 253 2811 henderet,
279 2736 402 2796 tertium
427 2735 513 2794 illum
538 2732 771 2792 Sieimerdecum
793 2733 924 2791 necunde
944 2729 1013 2790 aede
1031 2729 1193 2789 locandum

89 2821 252 2883 confertim
270 2829 316 2879 eet
334 2821 521 2902 auspicetur,
542 2827 573 2877 et
587 2817 635 2877 vir
648 2818 722 2877 lieet
738 2815 871 2878 eruditur
886 2815 968 2876 houd
988 2813 1097 2874 leviter
1117 2813 1193 2873 dor·

89 2909 202 2967 mitane
223 2905 343 2966 deluaua
366 2916 421 2968 eut.
451 2905 499 2966 td
521 2901 754 2983 Georgiiigitur
772 2911 901 2961 mentem
922 2911 952 2960 et
970 2899 1100 2958 calculos
1121 2917 1191 2958 ann.

93 2991 201 3052 mnndi
220 2994 315 3058 8001.
337 2991 448 3050 habea
470 2988 529 3049 eibi
548 3007 673 3068 regnum
692 3007 853 3070 murpaeae
872 2984 1029 3046 statuentia
1050 3003 1191 3066 praetuta

92 3076 180 3138 locun
191 3073 252 3134 hoc
269 3084 357 3155 pacto
372 3074 582 3156 interpolatur.
675 3069 679 3074 ’
966 3065 973 3086 '

178 3153 217 3223 α’.
231 3159 449 3240 Mepdonlurno
461 3160 648 3241 ldeeitevorv
657 3157 707 3239 ἔτη
716 3152 755 3241 μ’.
769 3159 826 3222 rod
834 3153 867 3220 di
880 3147 997 3236 κόσμου
1007 3144 1049 3234 ἦν
1057 3146 1191 3240 herpes.

179 3239 370 3350 β.71ράβον
395 3246 586 3330 illectionum
615 3277 627 3305 .
653 3286 808 3308 .....
837 3241 888 3324 ἔτη
911 3235 966 3324 με’.
997 3243 1053 3303 τοῦ
1079 3237 1113 3302 dl
1133 3233 1186 3303 mi-
1203 3249 1236 3312 1³.
1251 3251 1285 3308 81

89 3351 111 3398 ο
133 3355 172 3397 oo
219 3355 278 3412 μα.

108 3357 132 3416 μ
179 3355 217 3501 yi
234 3410 372 3522 ’.βρᾶβον
395 3415 585 3500 ἐβασίλευσεν
606 3406 830 3496 nocentum
848 3411 900 3495 lrn
919 3403 977 3494 κη’.
1006 3413 1064 3476 τοῦ
1086 3405 1120 3475 δὲ
1140 3404 1191 3474 κό-

90 3521 111 3568 o
192 3563 200 3588 ,
243 3523 277 3574 ς.
435 3512 438 3524 ·

110 3525 350 3668 ΜΒζῖοηιιᾶί
366 3583 426 3647 hoc
446 3595 535 3667 pacto
550 3595 654 3646 textue
673 3582 885 3646 authoritatem
903 3583 1034 3664 euggnit
1047 3578 1193 3657 Georgiue

91 3673 230 3735 acribene
243 3673 335 3754 paulo
349 3672 429 3732 infra
442 3673 477 3734 B.
492 3671 515 3756 ἠ
528 3677 589 3735 τοῖν
599 3665 736 3754 Ἀράβων
749 3671 884 3754 βασιλεία
897 3664 1046 3754 ἄρξαμένη
1060 3660 1121 3727 ἄπο
1136 3665 1194 3727 τοῦ

92 3761 265 3823 καθολικοῦ
278 3756 362 3832 ἔτους
373 3751 437 3842 μ’.

181 3837 333 3922 Εὐσέβιος
345 3848 391 3928 τῷ
403 3836 505 3927 limi·
520 3839 578 3905 ἔτει
594 3844 651 3905 τοῦ
665 3835 803 3922 ningen]
824 3837 958 3900 Ventilet
971 3835 1049 3898 haec
1061 3829 1194 3911 Scaliger

95 3927 164 3994 liet,
178 3928 279 4037 pagin.
301 3931 350 3994 18.
366 3937 396 3988 et
409 3929 480 3995 252.
508 3929 551 3986 Et
564 3925 641 3985 hoec
655 3947 717 3985 non
730 3937 805 3985 runt
821 3927 931 4001 nauci,
954 3923 1005 3986 ait.

181 4009 363 4094 Αφοοοανδς
376 4005 569 4094 ἆπὸἊβοὶμ]
596 4013 643 4072 Ex
664 4011 713 4071 hir
732 4011 771 4071 ad
792 4011 852 4069 alia
872 4029 938 4090 pag.
952 4007 1003 4074 61.
1015 4005 1052 4066 Δ.
1069 4021 1194 4082 compa·

94 4099 170 4160 rotie
190 4099 355 4159 nonnullae
370 4098 505 4160 Africani
520 4096 736 4176 chronologiae
750 4093 878 4178 epochae
891 4091 952 4155 levi
970 4087 1088 4168 negotio
1105 4087 1196 4147 colli-

96 4204 150 4264 get
172 4183 295 4246 Exitum
312 4203 350 4243 ex
368 4184 505 4263 Aegypto
523 4203 602 4242 anno
625 4180 764 4240 emundi
778 4179 904 4240 conditu
922 4180 1015 4244 8706.
1036 4174 1197 4255 Olympie-

96 4271 170 4331 dum
192 4267 376 4328 initia‘anno
398 4271 493 4336 4726.
517 4287 597 4349 quae
615 4265 738 4344 Georgii
753 4273 798 4324 cat
811 4263 933 4345 opinior
955 4259 1026 4342 eyri
1039 4259 1196 4342 imperium

97 4375 178 4416 anno
195 4354 290 4423 4941.
307 4353 529 4416 committenda.
559 4354 729 4434 Aegyptum
742 4369 821 4411 anuo
833 4353 926 4419 8706.
939 4369 978 4412 ex
992 4347 1126 4412 Africani
1139 4339 1197 4405 cal.
