2960 4716
274 367 324 441 44
524 419 528 431 .
653 372 695 441 G.
716 369 757 440 G.
779 369 986 441 Bttuuovtt

274 533 363 596 etiam
376 505 542 614 Ephraemo
553 529 618 590 solo
630 537 753 589 auemre
765 535 881 606 narret,
902 545 977 608 quae
989 525 1023 586 iu
1037 545 1121 586 sacra
1136 524 1284 608 scriptura
1298 545 1366 586 non
1472 541 1473 564 ³

273 619 413 698 leguntur
420 640 429 694 ;
443 617 524 696 quod
535 635 606 676 vero
620 635 638 674 a
651 633 738 674 sensu
752 622 936 674 caeterorum
949 613 1070 672 Petrum
1082 612 1364 672 Ecclesiastioorum
1472 605 1473 656 ἶ

273 721 459 783 nequaquam
477 701 596 762 recedit.
616 732 660 748 -
687 695 869 780 Ephraemus
888 698 1006 758 Nisibae
1028 697 1061 756 iu
1078 697 1305 778 Mesopotamia,
1326 699 1365 756 iu

273 789 362 850 domo
381 807 510 868 pagana,
532 784 725 845 Consuufino
745 784 851 862 Magno
874 791 1032 861 regnante,
1052 793 1156 860 natus,
1177 803 1246 842 cum
1264 798 1366 863 neque
1472 819 1473 822 =

273 893 290 933 a
305 891 454 952 quoquam
469 871 574 932 doctus
586 879 672 946 esset,
682 888 778 948 neque
792 877 962 948 expectaret
973 888 1004 928 se
1014 867 1105 926 talem
1116 887 1274 928 erasurum
1287 887 1363 944 esse,

271 967 393 1038 repente
413 956 535 1036 spiritus
549 955 645 1015 divini
665 955 758 1032 grstia
776 963 889 1014 tantam
909 953 1107 1013 eruditionem
1126 952 1160 1011 iu
1183 954 1285 1031 lingua
1301 955 1365 1032 sy-

272 1043 352 1103 riaca
366 1051 538 1120 assequutus
554 1049 607 1116 est,
621 1047 657 1100 ut
676 1059 788 1099 summa
800 1037 1005 1120 philosophiae
1014 1046 1169 1118 praecepta
1183 1037 1363 1118 perceperit,

273 1136 304 1187 et
325 1147 387 1186 non
405 1127 501 1186 solum
525 1125 665 1186 orationis
678 1125 819 1184 facilitate
831 1134 919 1203 atque
937 1121 1099 1202 elegantia,
1121 1122 1275 1182 sedetiam
1286 1142 1366 1182 seu-

272 1212 432 1272 tentiarum
456 1209 614 1271 crebritate
628 1229 664 1268 ac
685 1209 829 1290 sapientia
848 1211 975 1270 Graecos
998 1207 1157 1288 scriptores
1168 1206 1365 1287 praestantis-

273 1295 364 1357 simos
385 1296 541 1376 supererit.
583 1295 623 1354 Et
644 1294 727 1373 quod
740 1293 848 1353 mirum
857 1293 993 1368 videtur,
1020 1312 1088 1352 cum
1105 1293 1235 1351 Graecus
1249 1291 1365 1371 scripta
1472 1373 1473 1376 Ἴ

274 1381 337 1442 eius
354 1381 387 1440 in
405 1381 550 1442 Graecum
568 1397 732 1439 sermonem
750 1397 836 1438 versa
848 1377 922 1455 legit
935 1377 1059 1458 perinde
1074 1397 1106 1436 ea
1120 1377 1294 1452 admiretur,
1316 1386 1365 1435 at-

274 1485 332 1545 que
352 1467 379 1524 si
402 1469 494 1544 Syrus
516 1473 592 1523 esset
614 1473 650 1534 et¹
666 1462 787 1542 Syriaca
811 1481 843 1521 es
863 1463 982 1541 legeret.
1024 1461 1069 1520 lta
1089 1464 1270 1521 Sosomenus
1290 1459 1365 1522 hist.

273 1551 355 1612 Eecl.
370 1553 400 1615 3.
416 1570 442 1609 c.
460 1550 508 1614 15.
548 1548 641 1626 Igitur
658 1557 688 1608 et
700 1547 828 1627 plurima
849 1547 912 1606 eius
924 1547 1035 1626 scripta
1048 1565 1151 1624 graece
1164 1565 1248 1606 versa
1259 1551 1363 1621 'eant
1458 1540 1462 1552 “

275 1655 312 1693 ac
328 1633 403 1693 tanti
420 1632 669 1708 aestimabantur,
690 1643 725 1691 ut
745 1633 927 1712 Hieronymo
946 1641 1022 1690 teate
1042 1639 1111 1710 post
1131 1629 1364 1710 praelectionem

274 1738 374 1778 sacrae
387 1717 552 1796 scripturae
564 1717 684 1796 publice
696 1717 728 1774 in
741 1716 918 1795 quibusdam
934 1717 1065 1775 ecclesiis
1079 1715 1235 1795 Ephraemi
1247 1713 1366 1794 scripta

274 1822 391 1882 quoque
413 1803 617 1861 recitarentur.
668 1801 741 1860 Vide
766 1800 903 1860 bollandi
929 1801 1003 1860 Acta
1026 1802 1055 1862 S.
1077 1800 1186 1860 Mensis
1208 1799 1365 1859 Februarii

273 1887 357 1946 Tom.
374 1885 396 1947 l.
416 1905 482 1966 pag.
497 1887 538 1951 49
552 1919 572 1932 ·-
586 1889 635 1952 78.
657 1915 700 1933 -
720 1885 803 1944 luter
818 1885 930 1965 scripta
950 1883 1124 1966 Ephraemi,
1147 1905 1223 1965 quae
1242 1884 1368 1964 Syrisce
1409 1933 1417 1946 .

273 1981 402 2044 exstant,
415 1981 485 2030 suut
495 1989 613 2050 quoque
624 1971 656 2030 in
669 1969 821 2031 codicibus
834 1969 1031 2029 Nitaiensibus
1041 1969 1104 2030 Vll.
1116 1981 1146 2030 et
1159 1971 1236 2030 VllI.
1247 1969 1367 2049 Hymni

274 2057 312 2118 de
324 2055 481 2132 Paradiso,
503 2065 541 2131 et,
565 2065 710 2134 quantum
725 2075 741 2114 e
755 2054 926 2134 fragmentis
940 2055 1070 2114 iudicare
1083 2056 1163 2132 licet,
1185 2075 1259 2134 quae
1271 2055 1366 2115 Asse·

272 2161 400 2202 manuus
413 2140 446 2197 in
458 2137 642 2199 Bibliotheca
658 2139 804 2200 Orientali
815 2139 899 2199 Tom.
912 2140 935 2199 l.
950 2160 980 2219 p.
997 2139 1049 2205 84.
1065 2141 1117 2206 85.
1138 2141 1249 2216 edidit,
1267 2139 1365 2202 Geor-

274 2225 339 2304 gius
361 2243 398 2283 ex
418 2222 466 2282 his
481 2223 553 2303 ipsis
575 2245 627 2283 sua
643 2223 756 2282 hausit:
783 2233 854 2305 post
867 2223 1072 2314 liphraemuur¹
1086 2225 1202 2303 quidem
1218 2224 1367 2285 Historici

274 2308 457 2380 orientales,
481 2307 533 2386 qui
552 2309 601 2368 vel
621 2307 745 2368 Arabica
757 2309 805 2370 vel
820 2309 940 2388 Syriaca
955 2309 1114 2390 scripsere,
1136 2311 1235 2370 eadem
1249 2311 1287 2369 de
1302 2311 1367 2369 Pa·
1472 2311 1473 2342 l

273 2393 373 2454 radiao
391 2393 486 2470 deque
501 2391 739 2470 generationibus
755 2392 838 2453 Sethi
854 2403 885 2452 at
900 2393 984 2454 Caini
1002 2395 1134 2454 tradunt.
1179 2389 1365 2478 (Editioneua

273 2477 448 2560 Ephraemi,
471 2475 507 2535 ab
522 2477 701 2538 Aesemanno
715 2477 901 2556 adornatam,
924 2479 1059 2540 conferre
1075 2499 1136 2538 non
1149 2474 1297 2562 contigit).

357 2561 413 2621 His
432 2561 577 2642 expositis
595 2563 733 2622 coniiciat
745 2563 807 2622 iam
826 2563 951 2641 aliquis,
981 2565 1138 2642 Georgium
1157 2561 1251 2620 libros
1272 2563 1367 2642 Apo-

273 2647 401 2727 crpplsos
418 2648 533 2706 Veteris
548 2647 730 2707 Testamenti
743 2667 805 2707 uon
816 2647 990 2725 neglexisse.
1006 2683 1048 2696 -
1068 2646 1195 2721 Esdrue,
1215 2651 1273 2709 soti
1284 2642 1366 2710 θεό-

273 2753 403 2814 φρονος,
425 2739 502 2812 (greg.
524 2735 597 2798 236.
617 2735 663 2811 Δ.)
685 2733 804 2813 scriptis
827 2733 919 2792 sacris
940 2743 970 2793 et
990 2735 1145 2792 canonicis
1165 2728 1366 2816 (iedsubisotr

272 2837 339 2897 pag.
357 2822 429 2884 223.
444 2818 496 2887 Α.»
519 2817 590 2884 249.
605 2815 648 2898 C.)
665 2816 885 2896 diligentissime
896 2837 967 2876 usus
979 2827 1023 2876 est
1034 2839 1064 2894 p.
1081 2821 1152 2880 216.
1168 2817 1217 2887 l).,
1239 2817 1310 2882 225.
1320 2817 1365 2894 ‚¹4-

275 2902 312 2962 B.
335 2902 385 2974 C.,
407 2907 478 2966 229.
503 2901 561 2974 Ι).,
583 2905 653 2967 233.
673 2903 719 2977 0.,
741 2901 812 2966 241.
836 2910 866 2960 et
883 2919 958 2977 seq,
980 2900 1051 2965 258.
1074 2900 1109 2959 A.
1124 2899 1174 2958 tt:
1194 2919 1291 2980 neque
1310 2921 1362 2960 so-

274 2984 339 3044 lum
353 2983 431 3042 libro
446 2983 594 3058 secundo,
615 2983 667 3062 qui
680 2985 761 3043 solus
776 2984 854 3044 inter
867 2983 960 3043 libros
975 2983 1135 3043 canonicos
1147 2994 1287 3065 receptus
1301 3005 1366 3046 essa

275 3067 385 3128 dicitur
401 3063 463 3147 ²⁰),
485 3065 538 3125 sed
557 3067 683 3128 maxime
700 3069 778 3128 libro
796 3069 910 3149 primo,
936 3067 984 3127 cui
1000 3089 1018 3127 s
1035 3067 1173 3128 Patribus
1188 3070 1368 3130 ecclesiasti-

275 3153 318 3214 cis
334 3171 431 3233 ueque
449 3151 559 3230 graecis
579 3171 676 3230 nequa
695 3153 794 3212 latinis
809 3155 977 3213 auctoritas
991 3155 1132 3212 canoniea
1154 3173 1292 3214 concessa
1308 3165 1367 3234 est,

275 3237 462 3322 (Hieronym.
488 3237 521 3295 iu
544 3238 668 3315 praelat.
695 3237 733 3296 ad
757 3238 869 3298 librum
890 3237 1001 3297 Esdrae
1025 3249 1055 3298 et
1076 3239 1244 3316 Neemiae),·
1273 3257 1377 3318 quem,

275 3322 419 3400 Georgius
432 3341 503 3382 vero
515 3321 656 3382 ultimum
670 3327 730 3384 tois
743 3319 925 3385 ἐνδιαθέτων
941 3324 1066 3405 βιβλίων
1080 3328 1135 3404 τῆς
1149 3327 1279 3396 παλαιᾶς
1290 3331 1370 3387 θεο-

273 3401 421 3470 semmaa
442 3411 561 3488 γραφῆς
576 3415 680 3482 vocat,
708 3408 790 3486 quod
809 3415 950 3489 receptus
969 3417 1033 3468 erat
1052 3407 1085 3467 in
1101 3407 1307 3468 collectionem
1322 3409 1368 3468 li-

274 3493 396 3552 brorum
410 3491 589 3551 Graecorum
602 3495 664 3552 τοῖν
679 3485 712 3552 ο’.

358 3577 455 3634 Etiam
476 3573 620 3634 laetatae
634 3575 797 3634 historiam
816 3576 855 3636 ad
872 3587 991 3658 tempus
1012 3578 1200 3639 commodum
1222 3595 1367 3636 revocare

274 3660 391 3739 studet,
412 3679 507 3738 neque
528 3669 666 3742 apparet,
693 3661 852 3740 Georgium
867 3661 905 3721 de
926 3665 1104 3724 auctoritate
1125 3661 1196 3722 libri
1219 3661 1367 3720 canonica

275 3746 425 3808 dubitasse
439 3764 505 3825 pag.
522 3749 595 3813 236.
613 3745 663 3818 C„
692 3749 764 3812 237·
780 3749 832 3823 A„
854 3747 925 3813 241.
944 3749 996 3825 A,
1020 3751 1091 3814 251.
1108 3747 1163 3823 Δ.,
1185 3765 1366 3826 quamquam

274 3831 410 3892 hebraice
426 3829 537 3909 scripta
557 3850 593 3890 ue
609 3831 687 3890 inter
699 3829 895 3911 Apocryphos
916 3834 1035 3911 quidem
1052 3841 1130 3908 erat,
1153 3831 1274 3909 Origine
1288 3840 1368 3890 teste

273 3917 308 3978 iu
323 3917 407 3998 epist.
430 3915 468 3975 ad
485 3915 667 3976 Africanum.
708 3913 772 3976 Iam
794 3935 866 3978 vero
887 3917 1024 3996 Synodus
1041 3916 1171 3978 Nicaena
1188 3916 1221 3978 in
1237 3935 1366 3976 numero

307 4083 357 4151 26)
373 4081 439 4169 Peg.
456 4077 518 4166 949.Ι
533 4080 564 4134 B.
583 4079 613 4164 G.
630 4080 704 4166 leges
723 4078 775 4144 ἕως
787 4081 838 4150 μὲν
853 4077 988 4166 rodrop
1003 4076 1108 4150 'Eudone
1122 4081 1170 4135 sul
1188 4083 1312 4167 limaisa
1330 4083 1364 4136 ut

343 4149 503 4207 ἐνδιαθετοι
512 4149 653 4234 Ἐβοαιὶιαὶ
664 4151 786 4220 γραφαὶ,
804 4147 840 4204 αἳ
855 4145 1077 4220 &annectendas
1089 4152 1298 4220 sacrosancae.
1329 4149 1367 4206 sd

343 4217 375 4273 tt
388 4218 458 4288 μετὰ
469 4215 587 4275 ceored
606 4215 739 4286 Ἰώσηπος
754 4217 813 4274 loeo
845 4223 870 4287 ⁸,

341 4285 439 4356 ἕπιτόμ
463 4329 470 4343 .
487 4315 523 4330 --
539 4288 647 4357 Legitur
655 4284 707 4350 ime
717 4283 768 4356 uis
778 4237 855 4352 odb‘:
873 4307 1011 4360 prenomen
1024 4289 1159 4342 relativum
1171 4289 1205 4342 αἴ
1223 4287 1368 4355 omittitur3

344 4374 416 4427 prop
464 4354 552 4412 αὐτὸν
566 4351 678 4424 asinis
691 4353 816 4424 utitis,
833 4355 1210 4427 autsiGoatuutaudiwir
1226 4355 1346 4422 eicie.

887 4221 935 4276 eat
951 4217 1114 4290 'stupescenda
1131 4216 1204 4289 μετ’
1223 4216 1312 4274 αὐτὸν
1336 4217 1368 4275 ἐν
1472 4223 1473 4238 ’
