2860 4714
124 316 128 329 '
247 343 325 422 412
607 343 951 422 nmnoanonns

250 511 328 574 onlie
343 509 490 572 deeartmn
502 507 540 570 ab
550 505 692 570 nannai·
706 505 807 568 verbia
824 503 935 586 apertio
948 503 1094 585 Georgim
1110 509 1267 590 enggm't,
1291 512 1360 592 qui,

248 596 330 678 quod
345 595 491 656 diluvium
504 595 591 656 arania
606 599 657 661 20.
679 592 799 671 aequius
814 589 965 671 potuerit,
985 600 1015 650 et
1032 591 1146 655 Cainan
1163 615 1260 657 annoa
1277 601 1353 664 130.

247 681 449 764 praeterierit3
479 689 568 758 atqua
587 677 630 738 ita
651 677 737 738 annia
757 681 827 742 110.
849 695 947 736 errare
967 676 1119 754 videatur,
1144 681 1183 741 de
1204 681 1351 741 Africano

247 763 455 828 nammmodo
469 772 649 844 oonqueatue
669 770 714 822 eat
728 779 795 842 pag.
810 761 859 827 64·
872 769 902 822 et
918 765 969 826 62.
987 761 1115 841 Georgia
1126 766 1227 844 igitur
1240 767 1281 826 ad
1293 785 1350 825 an·-

246 870 320 912 num
351 854 445 916 8816.
474 849 625 910 diluvium
656 854 817 921 maerente,
854 845 1010 906 diriorum
1032 847 1071 907 ad
1097 853 1194 918 8706.
1228 871 1354 912 aureum

246 935 361 996 trahat:
383 954 422 995 ex
443 953 503 1013 quo
518 933 557 992 ad
569 930 775 1013 Olympiadem
794 929 920 1010 primam
944 930 1028 990 annia
1047 937 1139 1000 1020.
1160 936 1353 996 interlaben-

245 1021 344 1094 tibue,
372 1019 455 1080 illiue
480 1017 580 1080 aedem
602 1017 642 1076 ad
668 1015 774 1076 mundi
793 1015 886 1081 4726.
915 1014 1011 1097 (quod
1035 1017 1179 1096 Georgiue
1198 1041 1254 1080 auo
1276 1023 1346 1080 ioco

246 1102 390 1184 admittit)
408 1105 498 1164 rtatui
513 1121 666 1162 necaaauna
679 1110 738 1161 eet:
761 1108 792 1160 et
803 1108 870 1179 poet
884 1120 946 1160 eam
958 1121 1079 1161 ruraum
1093 1106 1177 1164 annia
1194 1107 1266 1172 216-
1289 1106 1346 1184 qui

248 1189 458 1270 Olympiadem
482 1189 532 1254 55.
553 1196 584 1246 et
602 1185 671 1264 Cyri
689 1205 813 1263 regnum
831 1185 996 1264 attingunt,
1017 1189 1148 1263 exactio,
1167 1191 1238 1268 Cyri
1260 1189 1346 1250 eiua·

248 1275 318 1336 dem
333 1273 488 1355 imparium
504 1271 667 1332 admnum
683 1269 777 1340 4941.
799 1288 836 1330 ex
858 1269 992 1332 Africani
1014 1283 1157 1354 computo
1178 1275 1343 1336 mame

247 1357 372 1424 remitti.
1212 1399 1215 1406 ·

331 1439 556 1524 ’Ἰψιρομὲνων
569 1445 629 1504 reio
643 1433 679 1504 κ’.
692 1439 768 1506 denir
786 1444 843 1504 roei
856 1435 1075 1522 Mabouodto]
1099 1443 1246 1517 Quamria
1263 1443 1346 1504 diri-

249 1547 342 1590 canna
353 1546 390 1586 ao
406 1527 520 1606 pariter
534 1527 695 1602 Euaebiua,
716 1527 875 1607 praeterito
892 1527 1002 1586 cainan
1022 1527 1160 1605 iuniore,
1183 1549 1256 1590 auor
1275 1529 1346 1588 eat-

249 1613 334 1674 culoa
351 1611 494 1672 Authoria
507 1612 630 1672 calcalia
645 1613 776 1672 minoe-ea
794 1611 879 1670 annia
893 1615 963 1678 180.
978 1611 1044 1692 (qui
1056 1613 1171 1672 Cainan
1183 1625 1259 1674 eunt
1271 1635 1346 1694 pro-

249 1697 325 1780 prii)
347 1697 567 1759 demontrant:
589 1697 669 1776 quod
684 1706 783 1756 tamen
798 1696 955 1756 Africanus
978 1697 1229 1775 14.biatbuaala,
1252 1719 1346 1780 prae-

249 1793 298 1844 ter
313 1781 461 1860 debitum,
486 1781 650 1858 eonoeaair,
676 1782 801 1862 aliiaqua
825 1801 876 1840 aar
896 1782 1020 1861 inanper
1041 1782 1168 1857 additia,
1191 1785 1344 1844 conmuni

248 1867 357 1928 mundi
372 1887 450 1927 anno
464 1873 557 1934 2262.
574 1866 724 1928 diluvium
738 1865 923 1944 devinxerit,
945 1865 978 1926 in
996 1867 1112 1926 oaioulo
1128 1868 1242 1928 Ceinan
1260 1877 1343 1928 aeta-

248 1964 310 2012 te·
326 1961 466 2031 eequuto,
489 1951 574 2012 annia
592 1951 690 2010 minua
704 1951 830 2012 Eusebio
850 1950 1227 2030 vigintitenaturerreaae:
1249 1949 1342 2032 optil-
1425 1989 1426 2014 1

248 2042 329 2100 terne
341 2037 393 2100 eui
408 2029 496 2110 οὗτος
509 2031 546 2098 eoi
561 2029 612 2116 pt'.
628 2035 687 2115 ἔτη,
708 2033 923 2116 domantem
937 2039 998 2098 eoin
1007 2030 1043 2099 κ’.
1052 2037 1127 2099 troie
1138 2043 1198 2100 τοῦ
1212 2044 1347 2100 Manan-

249 2115 334 2185 doitu
379 2123 529 2195 Quocirca
542 2121 605 2180 fixo
616 2120 653 2180 ad
665 2140 778 2180 annum
792 2120 898 2180 mundi
914 2124 1008 2187 8202.
1023 2121 1160 2182 Abrahae
1173 2123 1276 2182 natali
1291 2123 1347 2200 die,

249 2217 369 2266 cantum
386 2209 533 2267 duntaxat
554 2215 584 2264 et
602 2205 704 2264 decem
728 2205 904 2266 omiaaorum
920 2205 1093 2267 damnetur:
1122 2227 1162 2266 ex
1181 2209 1249 2268 illie
1269 2209 1348 2268 enim

246 2295 341 2358 8202.
359 2301 389 2350 et
403 2296 482 2357 1110.
504 2290 688 2350 adinvicem
710 2291 822 2350 iunctio
838 2291 992 2370 oonaurgit
1010 2295 1103 2358 3812
1115 2313 1236 2352 numme
1254 2293 1347 2354 natali
1426 2352 1427 2366 ,

245 2375 383 2438 Abrahae
396 2396 413 2434 a
427 2377 554 2454 Georgio
569 2384 751 2438 conaeorata.
793 2375 903 2436 Eodem
919 2375 1030 2456 repetit
1042 2375 1161 2436 anthor
1176 2379 1219 2438 ad
1237 2399 1347 2439 annum
1426 2371 1427 2436 ἐ

244 2463 340 2526 8878.
363 2461 518 2522 Caeterum
533 2481 602 2520 oum
612 2459 766 2520 Abrabam
776 2459 884 2520 natalia
899 2460 962 2520 diea
976 2481 1055 2526 anno
1070 2462 1165 2528 3181.
1187 2463 1347 2539 Euaobiue,

246 2550 341 2612 3202.
363 2547 520 2607 Africanus
536 2545 676 2606 celebrari
688 2553 840 2620 memoret,
862 2545 937 2624 quid
953 2565 1057 2606 caueae
1072 2555 1117 2606 eat
1132 2559 1168 2607 ut
1183 2549 1345 2608 discrimen

144 2635 176 2690 V.
194 2635 230 2692 29
248 2631 382 2692 aoloruna
401 2639 451 2700 20.
472 2651 621 2692 annorum
637 2631 716 2690 inter
733 2639 893 2708 utrumque
913 2639 1007 2709 ponat
1020 2630 1157 2708 Autbor,
1180 2653 1253 2694 oum
1265 2643 1347 2694 recta

246 2717 420 2777 numeranti
439 2724 491 2784 22,
509 2716 698 2796 reperiantur
711 2713 892 2775 occurrere?
919 2715 1009 2788 Quod
1028 2716 1173 2776 nimirum
1190 2719 1343 2778 biennium

247 2822 266 2860 a
284 2801 400 2862 diluvio
419 2803 457 2860 ad
473 2800 638 2880 Arpbaxad
655 2801 687 2860 in
704 2801 802 2860 lucam
816 2809 916 2860 ortum
931 2801 1076 2860 Euaebiua
1091 2801 1123 2860 in
1139 2804 1203 2862 auia
1217 2803 1338 2862 eaioulit

248 2887 415 2964 exprimat,
437 2885 513 2946 illud
526 2885 604 2944 idam
624 2893 789 2965 praetereat
805 2884 981 2954 Africanae,
1004 2886 1079 2946 etin
1090 2887 1230 2967 reliquia,
1249 2907 1341 2967 praa·

246 2979 382 3048 torquem
398 2969 546 3030 addititiia
560 2974 611 3035 20.
625 2969 712 3028 annia
725 2970 787 3030 rint
799 2969 970 3033 concorden.
1012 2970 1080 3044 Quo
1098 2971 1137 3031 fit
1157 2973 1284 3054 pariter,
1306 2981 1344 3032 ut

248 3073 317 3112 oum
333 3053 635 3114 Autbor'dbicanum
655 3053 687 3112 in
701 3055 866 3116 omittendo
880 3053 1002 3116 biennio
1019 3055 1173 3134 imitatur,
1195 3080 1214 3116 a
1226 3057 1345 3118 diluvio

248 3139 287 3198 ad
301 3137 450 3198 Abraham
463 3159 557 3200 annor
571 3147 720 3216 recenset,
744 3143 837 3207 3312.
853 3139 1002 3202 duntaxat
1015 3161 1237 3222 nonnunquam
1252 3143 1344 3203 colli-

247 3223 308 3300 git:
328 3223 381 3284 ubi
395 3243 468 3285 varo
483 3224 655 3302 biennium,
675 3223 742 3303 ipao
761 3235 861 3284 tamen
882 3225 989 3286 diluvii
1013 3245 1091 3286 anno
1112 3227 1344 3308 comprebemo,

248 3327 286 3367 ex
299 3309 423 3388 propria
436 3310 582 3370 eontentia
596 3309 755 3390 exprimit,
777 3313 870 3376 8818.
883 3311 1053 3389 frequenter
1064 3321 1229 3372 receneeat.

333 3396 531 3474 Hoooouotoc
542 3399 586 3478 epi
603 3389 770 3480 Edoede'pJ
792 3394 1050 3474 Scaligerinhaec
1061 3399 1260 3476 etaupeaiora
1273 3417 1345 3458 verb

245 3477 286 3538 ba
302 3476 371 3538 Not.
387 3498 452 3558 pag.
472 3483 519 3545 13.
541 3481 650 3538 Merito
664 3477 889 3558 reprelienditur
904 3501 925 3538 a
937 3483 1066 3561 Georgio
1078 3483 1248 3562 Euaeba'aea,
1263 3479 1348 3564 quod

245 3573 318 3622 cum
330 3565 476 3622 minorem
489 3585 647 3624 nunurum
659 3567 747 3644 aequi
758 3585 790 3623 aa
800 3565 1001 3646 profitentur:
1022 3577 1124 3626 tomen
1137 3573 1190 3635 70.
1207 3569 1341 3630 Senium

245 3651 280 3710 in
294 3649 346 3710 lna
361 3652 505 3732 requitur.

330 3735 397 3814 Peg.
419 3738 469 3802 98.
481 3729 577 3814 Ὅπερ
599 3726 751 3798 ddaivorov
769 3731 928 3814 reinonem}
966 3735 1013 3794 Ob
1040 3755 1136 3796 annor
1168 3736 1283 3797 Cmnen
1304 3736 1338 3794 ab

245 3816 389 3881 Africano
408 3819 532 3882 relictoe
552 3830 583 3880 et
600 3818 718 3880 additor
733 3817 771 3880 ad
792 3819 902 3884 diluvii
919 3829 1045 3890 aetatem
1064 3821 1139 3880 alioa
1158 3821 1284 3902 viginti:
1302 3819 1338 3879 de

246 3907 352 3984 quibua
367 3915 437 3966 nota
450 3905 625 3985 penuitinaa.

335 3987 375 4054 Τὸ
394 3983 454 4073 γάρ
473 4013 521 4054 τοι
540 3985 622 4072 παρὰ
645 3991 740 4052 τινοῖν
768 3985 810 4063 oie
834 3985 951 4070 ἔπορον
981 3987 1057 4070 ἡμῖν
1078 3986 1343 4072 προτεινόμενον]

245 4073 334 4135 Haud
350 4076 478 4153 Georgio
492 4077 549 4136 aoli
562 4075 636 4136 baeu
648 4074 805 4152 antilogia,
828 4075 993 4154 quinimmo
1007 4075 1068 4156 ipai
1082 4076 1178 4156 bioyai
1194 4077 1343 4136 obiicitur.

245 4159 559 4236 Scripsittienae.11.
580 4163 676 4228 v.26·
724 4159 869 4239 Vixitque
891 4159 992 4220 Thura
1010 4163 1211 4240 acptuuginta
1232 4165 1344 4221 mareiae

245 4252 276 4298 et
288 4245 397 4316 genuit
411 4245 589 4322 Abraham,
607 4256 635 4304 et
653 4243 795 4320 Nectar,
817 4255 845 4302 et
859 4244 967 4307 Aram.
1009 4245 1048 4305 Et
1071 4246 1151 4306 infre
1175 4265 1207 4307 v.
1222 4249 1278 4313 32.
1304 4247 1342 4306 Et

244 4325 328 4400 sorti
339 4337 413 4383 aurat
425 4325 491 4388 dtu
511 4331 606 4390 't'lrnn
618 4327 815 4393 umentorum
833 4332 965 4412 quinque
973 4349 1141 4393 annorum.-
1160 4342 1341 4392 remanare
