2960 4716
491 391 791 500 mssmrarm.
1145 385 1191 459 17

101 553 173 615 nini:
202 561 292 634 atqua
314 561 469 632 accentu,
498 571 557 633 quo
579 555 673 634 Χημᾶ
691 550 851 625 scribitur,
880 550 1038 630 docemur,
1065 551 1192 617 verbum

98 659 149 699 nan
170 658 231 700 essa
250 641 392 700 Graecae
421 637 553 718 originis.
603 639 808 698 tierivandum
833 645 878 698 est
907 637 1040 698 aver-bo
1059 635 1191 700 Arabico

95 725 184 804 (liceat
201 735 235 784 ut
257 723 424 784 Hebraicis
447 723 555 784 litteris
574 720 656 804 utar)
678 735 752 801 nan,
781 723 873 800 texit,
902 722 1027 802 celavit,
1057 723 1139 803 qnod
1156 725 1191 786 in

94 808 205 870 caeteris
224 809 367 870 dialectis
393 807 587 870 orientalibus
612 807 821 884 desiderator,
854 807 936 868 unde
967 807 1191 871 substantivum

95 910 192 974 asara,
212 914 260 954 ars
272 915 402 954 arcana.
445 895 627 968 Quumvero
642 893 767 969 Graeci,
788 893 919 954 maxims
933 891 1108 969 orientales,
1131 893 1191 958 iam

94 978 157 1038 inda
168 999 184 1036 a
196 981 314 1040 noculo
329 981 442 1060 quinto
454 979 503 1040 vel
518 988 604 1039 sexto
619 1003 650 1059 η,
667 999 693 1042 ss
709 977 839 1058 aliasque
852 977 967 1036 litteras
982 979 1102 1038 vocales
1114 989 1190 1042 tono

18 1079 20 1108 t
95 1067 144 1128 rosi
160 1063 218 1124 lota
236 1064 494 1146 pronuntiarent3
516 1083 642 1141 nomen,
664 1062 747 1143 quod
769 1063 806 1122 sb
821 1062 975 1142 Aegyptiis
994 1063 1118 1122 Chimia
1139 1085 1192 1126 su·
1256 1067 1260 1074 “

97 1149 235 1226 diveraut,
266 1150 393 1230 Χημεὶα
418 1150 621 1230 scripserunt,
651 1168 740 1228 quem
761 1147 912 1207 scribendi
935 1149 1060 1206 modum
1086 1167 1191 1210 omnes

96 1231 321 1312 Graeciaequuti
337 1243 422 1297 sunt.
464 1233 572 1294 Suidss
590 1253 615 1294 e.
630 1253 657 1311 g.
670 1233 759 1314 ponit
773 1233 891 1314 Χημεία
908 1233 940 1291 in
955 1251 989 1292 eo
1002 1231 1070 1292 loco
1091 1235 1147 1294 sub
1161 1257 1189 1315 χ,

94 1339 177 1396 quem
194 1319 341 1400 vocalissp
366 1319 520 1400 postulat,
549 1339 585 1377 ac
603 1327 722 1377 tantum
746 1317 838 1376 libros
858 1316 1023 1397 Aegyptios
1044 1317 1190 1400 περὶτῆς

94 1403 213 1482 ηημείνς
229 1403 338 1463 laudat.
363 1437 406 1451 --
429 1403 531 1478 Quum
553 1423 627 1463 vero
652 1403 770 1482 Χημεία
793 1401 908 1462 Chimis
928 1403 1189 1482 pronuntiaretur,

97 1496 125 1545 et
136 1507 178 1546 ara
192 1483 240 1547 ilis
252 1509 367 1548 arcana
380 1490 510 1548 maxime
522 1509 569 1549 srs
583 1487 794 1568 liquefaciendi
806 1489 886 1548 lacta
899 1497 992 1566 esset,
1014 1507 1117 1548 verum
1130 1510 1189 1548 no·

94 1571 175 1630 minis
197 1572 417 1634 derivationem
436 1575 606 1653 ignorantes
617 1616 627 1650 ,
657 1571 783 1652 saeculo·
800 1571 987 1650 duodecimo,
1007 1585 1043 1632 ut
1059 1573 1190 1650 videtur,

93 1655 257 1738 inceperunt
274 1655 443 1738 chymiom
457 1659 603 1734 scribere,
625 1665 767 1736 tanquam
783 1677 800 1714 a
815 1656 940 1738 κέχυμαι
953 1655 1120 1718 derivatum
1141 1679 1192 1718 es·

93 1750 146 1816 sat,
166 1752 195 1801 et
209 1742 288 1802 hanc
308 1745 466 1804 rationem
480 1742 699 1824 pronuntiandi
718 1750 749 1800 et
769 1742 919 1802 scribendi
941 1761 1044 1801 omnes
1062 1743 1125 1802 iere
1138 1763 1191 1803 re-

94 1825 229 1887 centiores
248 1849 347 1908 osque
367 1829 406 1888 ad
421 1827 623 1888 Boorhavium
639 1827 759 1907 sequuti
779 1835 860 1888 sunt.
903 1823 1088 1886 Boerhavius
1106 1847 1191 1905 vero,

97 1911 144 1968 cui
160 1921 303 1972 narratum
322 1923 408 1990 erat,
436 1913 469 1972 in
487 1911 672 1972 Bibliotheca
695 1909 853 1970 Parisiensi
874 1919 992 1972 exstare
1013 1911 1067 1976 llls.
1080 1911 1192 1972 Zosimi

95 1993 274 2074 Panopolites
280 2043 290 2076 ,
322 1997 362 2056 in
390 2017 449 2076 quo
469 1997 568 2057 ubivis
594 1995 715 2076 Χημείν
735 1994 885 2076 scriptum
910 1996 966 2065 sit,
997 2003 1103 2056 auctor
1125 1997 1192 2072 fuit,

94 2089 126 2138 ot
144 2081 271 2160 plerique
290 2081 500 2158 medicorum,
529 2080 668 2159 inprimis
685 2080 824 2140 Bataviae
845 2089 874 2140 et
890 2079 1084 2158 Germaniae,
1107 2079 1191 2142 Che-

95 2164 174 2224 miam
191 2166 427 2246 pronuntiarent
451 2175 481 2226 et
503 2165 677 2226 scriberent.
720 2164 770 2224 Aa
789 2165 846 2227 tta.
867 2165 975 2228 Zosimi
993 2173 1105 2243 exstet,
1135 2187 1191 2226 ne·

95 2249 165 2309 scia:
184 2251 219 2310 ad
234 2271 300 2312 rem
314 2259 454 2312 nostram
471 2251 541 2310 satis
555 2251 638 2310 valet
652 2251 738 2310 locus
757 2249 887 2330 Georgii.
930 2252 1042 2311 Tamen
1056 2249 1190 2311 Boerha-

94 2333 154 2394 rius
173 2347 321 2414 punctum
344 2357 407 2396 non
429 2335 514 2395 tulit:
546 2336 683 2396 Zosimus
704 2334 826 2415 quidem
846 2336 956 2394 scribit
978 2337 1100 2416 χημεία,
1125 2356 1190 2395 non

95 2437 157 2478 vero
173 2420 293 2480 Chemia
312 2426 316 2442 ¹
322 2422 552 2502 pronuntiavit.
593 2419 642 2480 Ad
664 2439 767 2481 veram
789 2421 1000 2502 etymologiam
1027 2422 1085 2480 soli
1109 2421 1190 2480 Galli

95 2522 192 2564 nomen
212 2507 354 2566 sentiunt
379 2505 550 2582 ettmtam,
580 2513 611 2565 et
631 2523 725 2588 qnae,
756 2505 894 2566 laticuio
920 2513 1039 2567 tantum
1060 2503 1190 2566 Arabico

18 2593 20 2610 ³
99 2599 188 2664 sucta,
208 2591 312 2650 eadem
329 2609 399 2650 cum
414 2589 530 2650 Chimia
544 2598 605 2662 est,
626 2589 860 2662 Alychims'am.

18 2719 19 2764 p
166 2674 228 2751 rag.
256 2675 309 2740 14.
334 2677 368 2738 G.
388 2671 488 2738 'Zaiae
500 2678 592 2738 τινῶν
611 2673 645 2740 la
658 2677 714 2755 τῆς
727 2674 862 2756 ἐρυθρᾶς
874 2669 1034 2752 θαλάσσης
1047 2669 1192 2736 uasta-

96 2777 170 2817 ννν.
190 2787 230 2804 -
252 2758 372 2818 Gosrus
395 2761 516 2818 coniicit
533 2753 719 2822 tollimus.
738 2791 775 2804 -
797 2759 913 2818 Goarua
933 2777 1024 2832 varo,
1046 2757 1191 2817 similitu-

94 2839 157 2900 dine
172 2840 334 2923 deceptus,
355 2839 441 2918 signs
456 2847 483 2902 Θ
499 2850 530 2900 et
550 2845 580 2903 Φ
597 2850 725 2901 mutasse
745 2841 870 2904 videtur
890 2841 924 2900 in
943 2839 1070 2920 legendo
1086 2841 1189 2902 codice

96 2925 211 3006 Georgii.
254 2925 365 2985 Scribe
387 2919 603 3002 φανέντων.

167 3010 424 3092 Κομπνλογία
446 3027 508 3067 non
523 3015 578 3084 est,
598 3005 647 3066 nti
667 3005 784 3068 Gaurus
800 3005 884 3085 vult,
907 3017 1065 3068 contextas
1081 3029 1190 3070 narra-

94 3094 177 3155 tionis
195 3095 330 3176 pulchra
353 3091 461 3154 ordina
484 3092 630 3171 digestae,
651 3091 703 3152 sed
723 3092 819 3152 oratio
837 3092 1032 3154 laetabunda:
1060 3093 1189 3154 Berosus

93 3180 244 3257 mmdihns
255 3179 358 3240 verbis
372 3176 513 3238 historias
526 3197 595 3237 suas
610 3179 779 3241 exornavit.

160 3267 224 3346 Peg.
249 3265 302 3332 14.
321 3265 358 3324 D.
384 3259 425 3326 ta*
442 3255 517 3324 sois
532 3261 693 3324 Χαλδαίων
714 3271 745 3322 st
758 3261 851 3342 paulo
873 3269 961 3340 post,
988 3258 1041 3324 nal
1062 3259 1096 3323 oi
1120 3257 1189 3324 κατ’

94 3343 197 3412 αὐτόν.
211 3381 255 3398 -
269 3350 396 3409 Errores
410 3346 591 3428 typographi
604 3365 666 3406 esse
681 3345 824 3406 videntur
839 3341 873 3408 ri
884 3341 939 3409 τάν
955 3348 995 3408 Χ.
1013 3353 1044 3406 et
1057 3340 1146 3409 sirei
1153 3369 1188 3412 st

91 3436 202 3514 repetiti
219 3455 294 3495 vero
307 3441 381 3494 sunt
394 3453 432 3492 ex
448 3433 578 3492 editione
593 3431 791 3492 Parisiensiin
808 3431 930 3491 Veneta.

168 3518 214 3584 Τὸ
231 3515 304 3602 γὰρ
322 3515 392 3598 την
412 3511 501 3580 καθ’
520 3515 625 3598 ημᾶς
644 3514 886 3596 οἰκουμένην
902 3521 972 3576 cett.
999 3511 1083 3574 Haec
1096 3516 1187 3576 verba

93 3601 202 3663 Gosrus
221 3623 349 3685 prorsus
374 3623 435 3662 non
454 3601 621 3678 intellexit,
643 3601 777 3660 inserens
801 3599 971 3680 ἐκείνης.
1016 3599 1114 3660 Locus
1136 3621 1187 3658 sa-

91 3707 143 3746 nus
158 3699 217 3748 est:
238 3688 333 3748 verba
353 3687 394 3750 ἐν
415 3679 608 3776 plresereuds
624 3693 695 3746 sunt
711 3685 750 3746 ad
769 3696 902 3746 nostram
919 3696 1049 3762 terram,
1069 3685 1091 3744 i.
1107 3705 1131 3744 e.
1149 3685 1188 3744 ad

91 3773 258 3833 universum
276 3783 415 3832 nostrum
436 3772 537 3832 orbem
561 3781 729 3848 terrarum,
758 3791 847 3851 quem
868 3779 937 3830 ante
956 3769 1105 3830 diluvium
1125 3767 1188 3826 ha-

92 3855 211 3917 bitatum
226 3859 319 3918 luisse
339 3866 438 3938 patrea
458 3857 608 3916 Ecclesiae
626 3863 783 3935 negarunt.
826 3855 938 3936 Opinio
955 3855 1034 3916 inter
1050 3873 1100 3913 eos
1114 3851 1187 3912 vul-

18 3971 19 4022 η
91 3942 164 4018 garis
187 3953 268 4022 erat,
297 3953 407 4003 terram
429 3962 490 4003 esse
512 3941 652 4024 planam,
675 3939 789 4001 Oceani
810 3941 927 4002 circulo
952 3939 1185 4018 circumdatam

94 4029 263 4102 (secundum
277 4029 366 4104 alios,
388 4036 424 4088 ut
439 4029 567 4088 Cosman
581 4027 822 4106 Indicopleusten
830 4071 840 4104 ,
861 4035 941 4088 terra
958 4032 1021 4084 erat
1035 4021 1187 4102 quadran·

18 4163 20 4180 .
92 4111 199 4188 gulata,
232 4113 471 4193 quadrangulato
502 4113 622 4172 Oceano
652 4107 863 4189 circumfusa).
924 4111 1011 4169 Ultra
1033 4107 1187 4166 Oceanum

18 4201 19 4206 ’
92 4195 179 4256 aliam
193 4206 302 4259 terram
319 4219 397 4276 ease,
421 4217 497 4278 quae
516 4196 629 4257 Oceani
648 4216 738 4277 aquas
760 4193 1011 4256 circumclaudat:
1040 4201 1130 4272 atque
1150 4191 1186 4250 in

18 4283 19 4310 ³
92 4275 148 4338 hac
165 4289 241 4342 tersa
255 4285 335 4344 ultra
349 4286 515 4358 Oceanum,
537 4282 646 4342 altiore
662 4281 785 4341 caeteris
800 4287 921 4339 nocuae
939 4287 1037 4338 terrae
1050 4275 1186 4354 regioni·

93 4362 164 4443 has,
186 4365 319 4427 homines
342 4377 413 4428 anta
435 4363 767 4430 diluvium'hshitasssa
794 4363 829 4424 in
851 4361 967 4424 dilavio
986 4381 1060 4423 vero
1081 4359 1118 4418 ab
1133 4359 1187 4418 itta

159 4466 258 4538 cmg.
275 4467 414 4538 specum
438 4465 474 4521 u.
958 4451 982 4514 2
