2960 4716
267 317 319 392 26
652 327 694 400 G.
716 327 760 400 G.
780 327 986 400 BllEDOVlI

266 489 320 560 sol
339 487 537 574 τετρακοσίων
558 483 633 552 troc
645 479 758 570 χρόνον
778 485 828 550 ἐπὶ
841 480 963 562 ταύταις
980 481 1128 570 διήνυσαν
1138 493 1204 565 ταῖς
1214 497 1363 556 ruotru-

266 582 347 662 ρίαις
365 609 410 623 ·-
428 577 476 637 Ex
499 573 637 634 omnibus
657 572 704 632 hio
727 573 803 632 locis
822 593 884 632 non
900 572 1000 652 colligi
1023 583 1137 654 potest,
1162 576 1308 637 laraelitas
1321 579 1363 638 ad

264 665 394 725 litteram
419 659 654 742 quadringentos
671 677 764 716 sonos
784 658 939 739 Aegyptiis
956 660 1100 720 serviisse.
1143 661 1231 720 Multi
1243 663 1363 722 numeri

264 757 384 831 praeter
406 746 524 806 finitam
539 743 764 804 multitudinem
779 743 927 802 infinitam
943 743 1113 822 significant
1126 747 1261 826 copiam,
1282 748 1364 808 inter

267 855 344 915 quos
364 833 397 891 in
409 832 546 891 omnibus
562 832 624 890 lore
636 829 745 908 linguis
759 849 899 888 numerus
919 829 1105 890 oentenariua
1121 843 1185 890 est:
1207 851 1274 892 eum
1290 853 1365 892 vero

266 917 328 979 hcc
346 918 415 977 loco
429 937 485 1000 pro
502 913 621 975 infinito
639 913 848 994 accipiendum
863 933 941 989 esse,
963 913 1027 994 ipsa
1041 915 1133 974 verbs
1146 916 1285 976 hebraica
1302 918 1364 976 do·

266 1012 354 1064 cent:
377 1021 452 1084 quoa
465 1001 545 1062 enim
564 1007 671 1059 auctor
685 999 833 1059 Geneseos
844 1019 935 1063 versu
951 1001 999 1064 18.
1017 997 1257 1082 quadringentos
1268 1023 1365 1063 annos

267 1089 362 1166 dixit,
385 1107 472 1148 versu
488 1091 539 1152 16.
556 1085 657 1144 statim
684 1084 816 1165 explicat
839 1093 951 1163 quarta
962 1089 1169 1164 generatione5
1192 1103 1256 1148 nnn
1273 1087 1366 1165 igitur

266 1184 298 1234 et
311 1187 361 1237 'nt
375 1193 432 1252 pro
447 1168 623 1252 synonymis
638 1169 742 1249 ponit,
766 1168 814 1228 uti
826 1169 999 1244 saecularis,
1022 1169 1111 1230 stiam
1125 1171 1159 1230 in
1173 1171 1275 1248 lingua
1293 1173 1366 1231 Gal.

265 1259 339 1335 lica,
360 1257 394 1316 in
415 1266 542 1336 utraque
563 1253 780 1352 significatione
800 1253 938 1315 dicimus.
981 1256 1021 1314 Et
1041 1275 1089 1314 res
1110 1255 1365 1336 ipsaneutiquam

265 1342 499 1502 rituti?
507 1359 581 1484 tt
595 1344 628 1482 t·
642 1339 1367 1504 3113333133,Ϋὲῗέῖζλὶἱὶἴῖῗῖἱξ

266 1513 329 1594 qui,
352 1511 459 1570 Genesi
472 1511 533 1587 46,
558 1513 596 1574 11
609 1517 752 1585 testante,
775 1529 845 1567 cum
859 1507 967 1567 lacobo
986 1508 1018 1567 in
1035 1513 1199 1592 Aegyptum
1212 1513 1367 1590 profectus

266 1606 329 1673 est,
350 1595 453 1675 genuit
465 1593 519 1658 'cdv
535 1593 655 1668 Cautlt3
679 1592 773 1652 Caatlr
784 1589 839 1657 τόν
852 1593 983 1653 Amrom
990 1617 1002 1670 ,·
1022 1603 1052 1654 et
1066 1597 1187 1655 Amram
1202 1596 1261 1656 suit
1276 1605 1367 1678 pater

266 1683 365 1745 Moris
379 1689 409 1740 et
426 1679 561 1739 daronis.

353 1765 441 1826 Unde
461 1775 560 1824 autem
583 1761 680 1822 uxot.
711 1765 769 1838 12,
791 1762 833 1828 40
854 1761 926 1821 anni
945 1761 1024 1840 480,
1047 1763 1101 1842 qui
1121 1764 1155 1824 in
1170 1763 1304 1844 Epistola
1324 1765 1368 1825 ad

271 1851 392 1912 Galatas
407 1853 438 1927 8,
462 1855 501 1915 17
523 1845 724 1927 repetuntur'l
745 1877 789 1893 --
809 1847 836 1906 Is
851 1849 901 1926 qui
916 1845 990 1906 haec
1003 1849 1134 1929 scripsit,
1159 1849 1368 1930 computavite

268 1938 341 1998 alias
366 1946 484 2016 tempus
501 1931 692 1992 habitationis
711 1931 910 1992 israelitarum
926 1932 960 1991 in
973 1934 1108 2014 Aegypto
1124 1935 1226 1995 verbis
1241 1935 1369 1994 Orsouli

267 2021 410 2082 finiisset:
432 2017 665 2100 quadringentos
682 2035 776 2076 srsnos
788 2017 821 2076 in
833 2017 968 2097 Aegypto
983 2015 1164 2080 habitarunt
1178 2053 1222 2066 —
1236 2021 1274 2078 At
1289 2039 1368 2099 quos

268 2127 408 2167 numeros
424 2102 633 2184 computavitl
660 2133 701 2150 -
722 2101 790 2160 Non
809 2102 882 2162 alica
902 2103 990 2179 novi,
1012 2103 1071 2163 nisi
1088 2123 1229 2164 numeros
1248 2103 1369 2162 Genes-

268 2192 366 2270 logiae
389 2189 495 2270 capitis
518 2189 603 2251 sexti.
625 2219 668 2232 -
688 2187 756 2259 Qua
774 2207 845 2246 vero
865 2187 982 2246 ratione
997 2209 1036 2248 ex
1051 2187 1098 2247 his
1113 2191 1176 2256 430
1190 2209 1283 2248 annos
1299 2189 1369 2247 ool-

269 2277 362 2354 ligere
377 2273 501 2356 potuit'l
524 2273 596 2333 Levi
610 2271 740 2331 moritur
756 2291 834 2332 anno
849 2273 929 2332 vitae
947 2275 1017 2348 137,
1041 2273 1134 2333 Carth
1151 2277 1221 2351 138,
1246 2278 1370 2334 smram

272 2365 343 2438 137,
365 2370 396 2420 et
407 2359 512 2435 bloses,
529 2377 619 2437 quum
633 2357 781 2416 israelitas
798 2377 837 2416 ex
844 2357 981 2437 Aegypto
998 2359 1146 2434 educeret,
1169 2379 1263 2418 annos
1280 2367 1370 2418 octo-

136 2443 140 2450 ’
269 2447 353 2524 ginta
375 2453 462 2504 nutus
476 2453 549 2503 oret.
593 2441 698 2515 Annis,
721 2461 796 2520 quos
805 2442 886 2502 filius
900 2461 968 2501 curu
985 2453 1068 2523 patro
1080 2443 1169 2518 vixit,
1192 2443 1369 2520 contractis,

270 2529 354 2590 baud
378 2530 474 2589 multo
505 2529 574 2608 plus
595 2527 740 2606 temporis
761 2547 848 2605 quarn
872 2528 994 2586 ducenti
1015 2528 1087 2586 anni
1109 2529 1301 2606 colliguntur.
1323 2561 1370 2574 -

270 2615 353 2690 Quid
366 2613 462 2674 vero'l
483 2611 609 2674 tradatis
622 2631 717 2693 puero
728 2611 784 2670 hos
796 2631 937 2672 numeros
951 2613 1153 2691 Genealogioe,
1176 2623 1211 2672 ut
1223 2611 1370 2693 temporis

270 2701 400 2780 spatium
425 2707 588 2778 computet.
630 2697 714 2770 Quid
731 2698 865 2758 facturus
891 2697 957 2756 estl
980 2717 1121 2757 numeros
1145 2699 1279 2775 singulos
1298 2701 1370 2773 137,

262 2789 343 2860 133,
367 2788 438 2859 137,
460 2787 502 2850 80
517 2785 550 2841 in
561 2801 653 2841 unam
665 2801 812 2842 summam
827 2781 957 2860 colliget.
984 2783 1049 2842 Nisi
1064 2783 1163 2858 fallor,
1179 2783 1205 2840 is
1222 2783 1275 2860 qui
1289 2801 1371 2840 sum-

269 2889 347 2928 mam
361 2872 424 2934 430
440 2887 588 2927 annorum
600 2867 729 2944 collegit,
751 2867 833 2926 baud
844 2867 972 2946 peritior
985 2867 1043 2926 fuit
1056 2865 1283 2926 Arithmetices:
1306 2887 1371 2926 nou

269 2973 371 3014 omnes
393 2971 465 3011 vero
487 2971 581 3010 annos
600 2955 657 3013 rori
679 2951 751 3010 Levi
771 2952 804 3009 in
820 2969 963 3010 summam
976 2971 1134 3011 numerare
1149 2951 1267 3032 potuit,
1290 2971 1373 3031 quo-

269 3037 351 3099 niam
370 3036 459 3112 Levi,
486 3055 581 3115 quum
601 3035 635 3094 in
654 3036 822 3116 Aegyptum
846 3035 1107 3115 proficiscebatur,
1136 3035 1195 3094 iarn
1212 3036 1280 3114 vir,
1309 3035 1372 3095 iarn

268 3133 356 3206 pater
379 3121 473 3181 trium
499 3121 632 3181 liliorum
655 3121 729 3180 fuit:
761 3119 841 3181 vixit
868 3139 938 3199 ergo
961 3121 995 3179 in
1014 3123 1169 3202 Aegypto,
1190 3141 1252 3180 non
1274 3141 1372 3180 annos

271 3212 350 3280 137,
372 3208 426 3267 sed
437 3225 562 3266 numero
587 3206 658 3280 illo,
681 3204 762 3284 opud
783 3205 933 3265 Hebraeos
952 3203 1031 3264 inter
1047 3207 1194 3266 rotundos
1216 3206 1372 3286 ponendo,

270 3313 365 3352 annos
386 3297 437 3358 80.
488 3289 574 3352 Etsi
596 3296 637 3358 80
650 3292 684 3366 -Ι·
699 3293 805 3367 133-1·
821 3293 882 3356 137
897 3292 932 3368 -Ι-
947 3293 989 3355 80
1011 3291 1144 3369 colligis,
1177 3311 1290 3350 summa
1312 3289 1374 3348 tibi

199 3433 204 3442 ‚
271 3387 316 3442 eat
333 3379 407 3446 430.
433 3407 478 3424 -
504 3375 650 3435 Rideatia!
678 3383 778 3432 tamen
798 3375 874 3434 seria
895 3393 948 3453 ago
973 3375 1121 3434 inludis:
1150 3395 1247 3454 neque
1265 3383 1374 3434 contra

268 3483 384 3523 morem
419 3459 618 3520 arithmeticos
643 3459 851 3540 imperitorum
864 3459 947 3518 hunc
963 3460 1086 3520 modum
1103 3461 1296 3542 computandi
1309 3481 1374 3520 esse

269 3547 418 3621 arbitron
439 3565 536 3627 neque
550 3545 637 3605 aliam
651 3544 829 3605 solutionem
848 3545 1106 3624 interrogationis:
1129 3547 1210 3606 uude
1225 3545 1273 3603 illi
1287 3545 1375 3611 430?

271 3631 372 3698 video.

356 3717 424 3796 Peg.
447 3715 518 3784 161
531 3715 563 3774 B.
586 3714 730 3794 Georgius
750 3719 794 3802 cpi*
810 3713 867 3776 lsir
882 3714 1039 3788 Galaaditi,
1054 3713 1151 3774 iudici
1163 3714 1376 3789 israelitarum,

270 3823 366 3864 annos
390 3812 508 3862 tantum
530 3803 644 3882 viginti
666 3800 788 3878 tribuit,
810 3809 839 3860 et
857 3810 939 3860 totus
950 3801 1025 3860 ordo
1039 3819 1233 3860 ntunororum
1247 3799 1376 3875 indicat,

269 3885 353 3950 buno
366 3907 523 3948 numerum
539 3907 556 3946 s
568 3885 673 3946 scribis
687 3885 881 3964 depravatum
895 3905 959 3945 non
976 3905 1049 3947 esse.
1083 3885 1120 3945 In
1133 3883 1286 3944 Hebraicis
1301 3905 1377 3943 vero

271 3985 302 4032 et
324 3974 447 4034 Graecis
477 3971 663 4054 septuaginta
683 3969 881 4052 interpretum
915 3969 1070 4030 codicibus
1091 3975 1134 4036 22
1155 3969 1303 4048 scriptum
1322 3979 1378 4028 eat.

270 4059 338 4118 Non
361 4059 479 4141 reperio
499 4057 579 4116 unde
595 4075 737 4116 numerus
763 4057 816 4115 illa
832 4065 970 4136 sumptus
981 4056 1037 4132 sit,
1059 4055 1121 4115 nisi
1137 4055 1258 4132 Georgii
1280 4063 1380 4113 aetate
1477 4049 1478 4074 ¹

270 4145 302 4201 in
318 4145 471 4204 codicibus
486 4143 660 4202 varietatem
671 4141 809 4201 lectionis
825 4141 917 4202 luisse
932 4140 1084 4222 posueris,
1106 4159 1183 4220 quse
1199 4137 1233 4198 iu
1254 4147 1379 4199 nostros

270 4229 389 4294 codices
405 4249 465 4287 non
480 4225 640 4288 transierit.
1171 4249 1174 4260 ·

357 4313 467 4374 Eodem
490 4312 606 4374 ratione
621 4309 768 4392 Georgius
783 4309 922 4393 pluribus
938 4311 971 4372 in
985 4309 1060 4372 locis
1077 4309 1113 4371 ab
1128 4307 1308 4372 auctoritate
1322 4329 1381 4368 no·
1477 4307 1478 4398 l
