2860 4714
357 389 418 456 ET
439 385 795 465 ANNOTA'I'IONES.
1055 380 1132 458 379

60 554 110 612 son
120 547 176 608 sins
189 553 278 630 pater
291 565 370 609 anno
384 545 448 608 Noe
462 547 535 616 500.
551 549 720 633 productus
733 568 772 611 ex
784 547 889 609 Ganos.
902 565 968 630 cap.
984 548 1014 616 5.
1029 569 1058 610 τ.
1071 551 1129 614 ult.

60 633 215 696 centenarius
243 634 273 694 ei
290 633 385 695 vitam
400 635 576 694 contulisset
591 637 667 696 Gen.
683 656 747 714 cap.
765 640 816 702 11.
831 653 861 696 v.
877 638 929 700 10.
972 638 1041 694 Sem
1064 645 1131 694 erat

60 727 109 788 10].
126 737 275 779 annorum
292 715 415 800 quamdo
430 721 540 800 genuit
559 719 753 800 Arphaxad:
782 737 949 800 quorenon
966 720 1024 782 alio
1039 741 1130 809 quapo

59 806 139 865 titoni
150 805 288 864 obeuntia
303 823 392 864 enno.
435 807 578 879 Quamvis
590 825 679 880 porro
693 801 766 886 pasci
781 803 834 868 niv
848 802 1056 886 κατακλυσμὸν
1067 805 1130 866 dr·

57 889 149 970 piarad
163 891 240 950 diem
260 891 391 950 natalem
413 898 524 950 asserat
545 911 611 970 pag.
628 895 679 956 86.
698 889 804 966 citata,
824 889 937 970 privati
950 900 1051 952 tamen
1070 911 1128 951 cu·

58 977 136 1054 iusque
156 975 347 1036 Patriarchae
369 983 495 1036 aetatem
517 975 710 1055 filiorumque
733 985 818 1036 ortus
842 973 880 1032 ad
906 976 1011 1034 mnndi
1032 997 1128 1038 annes

58 1081 201 1140 conparans
222 1061 342 1141 abipso
364 1059 473 1121 diluvii
488 1079 567 1121 nnnc
585 1071 614 1121 et
627 1059 793 1142 Arphaxad
810 1067 879 1120 orsu
893 1067 1035 1139 tanquam
1053 1081 1129 1143 epo-

58 1143 96 1203 oia
105 1145 257 1206 certissimo
278 1146 383 1206 seriem
400 1165 519 1208 omnem
536 1167 606 1211 cnm
621 1147 690 1208 loco
703 1147 839 1228 praefato
854 1155 920 1205 tum
933 1165 1001 1226 pag.
1015 1151 1065 1213 99.
1082 1147 1143 1208 di.-

57 1233 118 1290 sntis
130 1232 225 1292 sorbis
241 1231 374 1293 deducit.

117 1312 213 1398 Γρυβ.
236 1315 294 1392 ἕως
312 1308 436 1397 orpos'rou
456 1315 541 1390 ἔτους
561 1307 696 1396 Ἀβρααίμ
713 1307 866 1396 Ετίυίβως
886 1311 1056 1398 tetdonem]
1083 1315 1131 1378 ad

56 1417 126 1460 annor
138 1405 227 1470 3202.
243 1423 261 1460 a
276 1401 384 1462 mnndi
400 1401 524 1462 exordio
541 1399 578 1459 ad
594 1401 742 1460 Abraham
758 1401 837 1460 diens
852 1403 980 1460 natalem
995 1401 1031 1461 ab
1043 1402 1130 1461 nari.

29 1537 41 1573 2
56 1503 110 1544 cano
121 1487 274 1564 collectos,
298 1487 387 1546 annio
403 1487 517 1548 cainan
533 1483 641 1546 debitis
654 1490 723 1552 100,
738 1495 769 1544 et
782 1485 882 1546 decern
895 1483 1015 1566 additis,
1038 1487 1130 1548 aliam

55 1589 175 1631 annornm
191 1593 339 1633 summam
360 1575 454 1639 8812.
474 1591 551 1652 quas
563 1571 602 1630 ad
618 1569 763 1630 Authoris
781 1581 985 1648 mentemst,
1008 1591 1132 1655 compo·

54 1673 106 1714 nore
122 1657 309 1718 facillimum
338 1675 377 1716 ex
398 1677 458 1737 qua
478 1677 599 1717 rursum
619 1675 736 1716 summa
760 1655 901 1716 detractis
915 1657 1026 1716 Cainan
1044 1659 1131 1718 annis

55 1743 107 1805 180.
126 1741 178 1801 soii
197 1751 362 1824 supersunt
384 1747 479 1810 3182.
501 1742 611 1824 quibus
636 1761 675 1801 ex
701 1741 828 1802 Eusebio
855 1751 961 1802 natum
980 1743 1131 1803 Abraham

53 1827 200 1889 oscitantius
219 1828 341 1889 Authnr
357 1827 471 1888 asserit.
513 1829 554 1888 At
569 1845 637 1888 cnm
656 1845 719 1886 non
734 1847 769 1886 eo
786 1845 848 1906 qno
871 1827 1018 1888 diluvium
1034 1829 1132 1888 conti.

53 1907 185 1992 gironno,
203 1916 290 1974 velut
304 1913 465 1973 Africanus
474 1955 484 1989 ,
508 1913 552 1972 ita
566 1912 713 1972 Eusebius
728 1913 860 1991 genitum
874 1912 1055 1993 Arphaxad,
1077 1913 1131 1973 sed

52 1993 148 2073 integro
159 2010 222 2078 post
238 1999 319 2060 illud
331 1997 453 2058 biennio
467 1997 590 2078 probet:
621 1995 695 2056 hinc
714 2017 778 2057 non
796 2001 890 2064 3182.
912 2007 1016 2058 natum
1032 1998 1130 2059 Abra·
1212 2045 1220 2052 .

51 2075 107 2138 hano
122 2083 228 2162 posuit,
254 2085 311 2144 aed
327 2083 422 2149 3184.
443 2085 530 2143 cuim
552 2082 713 2142 Eusebiani
735 2083 854 2164 numeri
875 2085 1046 2144 accuratius
1063 2105 1132 2165 per·

53 2165 118 2240 pensi
136 2169 246 2230 Anthor
265 2169 333 2252 ipse
348 2177 454 2228 testem
469 2189 501 2228 aa
520 2169 638 2248 profert
655 2168 754 2248 pagin.
769 2173 820 2235 87.
839 2170 872 2233 B.
886 2173 937 2236 89.
954 2171 989 2230 Ι).
1010 2173 1081 2236 111.
1097 2171 1131 2228 Β.

54 2251 159 2393 uptiis:
187 2275 260 2336 qnae
283 2254 404 2316 numeri
421 2247 526 2340 pond.
546 2253 641 2318 8184.
661 2253 695 2312 in
713 2255 847 2332 margine
868 2257 1059 2337 supponendi
1081 2275 1131 2318 ra·

53 2339 85 2390 too
107 2337 152 2396 uit.
678 2338 683 2346 “

117 2423 187 2504 Περί
202 2427 264 2488 coin
281 2415 357 2504 μεταί
371 2415 424 2483 τὸν
444 2415 656 2500 massonae
669 2415 827 2502 Αίγίτττου
843 2423 1051 2505 δυναστειῶν]
1073 2425 1131 2484 Re-

55 2519 106 2580 sum
120 2507 237 2590 Aegypti
254 2517 286 2568 ct
304 2506 514 2587 Dynastiarnns
531 2505 596 2563 eins
613 2507 665 2570 81.
686 2505 830 2564 laterculo
851 2506 912 2566 dno
929 2509 967 2566 nb
986 2509 1129 2568 Africano

55 2591 193 2653 etEosabio
212 2613 252 2654 ex
267 2589 459 2654 manethonis
477 2589 617 2670 operibns
635 2589 748 2667 digeata
763 2592 907 2670 separatis
921 2592 997 2652 locis
1013 2594 1131 2672 profert

56 2674 200 2754 Scaligerin
215 2677 385 2758 excerptis:
413 2677 498 2735 illius
513 2693 579 2756 pag.
596 2673 669 2740 355.
684 2675 808 2735 alterius
822 2695 881 2756 pag
897 2677 948 2744 14.
965 2677 1048 2736 illius
1063 2697 1132 2737 ror.

55 2775 106 2817 sun
121 2762 257 2826 laterculo
277 2761 405 2822 titulum
423 2759 507 2821 hunc
526 2759 688 2820 adinvenit.
722 2759 869 2840 βασιλέων
881 2761 1059 2844 Αἰγυπτίων
1078 2763 1131 2823 du-

55 2845 243 2912 vonstosssoeroi
257 2845 317 2929 τήν
329 2844 471 2930 δευτέραν
484 2841 788 2926 intemptatum
802 2865 865 2906 non
879 2845 1026 2922 exhibuit,
1040 2847 1133 2926 qnin-

57 2926 125 2990 imnso
136 2934 276 2996 diensem
294 2933 333 2992 ab
345 2951 380 2992 eo
394 2943 425 2992 ct
438 2931 600 2991 secundm
614 2929 762 2992 Eusebius
775 2929 882 3011 edidit)
903 2929 936 2994 ίκ
955 2935 1019 2993 ταῖν
1033 2928 1133 3012 τὸμων

56 3016 171 3081 Moron
185 3025 241 3084 cosi
257 3015 361 3099 ίερίως
374 3017 560 3100 Αἰγυπτίου,
589 3016 688 3096 (quusi
706 3035 745 3076 ex
757 3016 825 3096 ipso
839 3015 1020 3076 Manethone
1034 3019 1130 3077 colle·
1148 3079 1153 3088 ,

56 3099 126 3177 terit,
146 3113 175 3166 et
192 3125 257 3166 non
278 3123 317 3164 cx
339 3102 463 3182 Georgii
486 3101 621 3183 Syncelli
641 3099 907 3185 Chronographico
928 3101 1132 3189 syntagmate)

56 3181 137 3267 uetito
149 3191 470 3254 maestosuocuo
485 3185 632 3270 posonen
646 3181 733 3250 durni.

120 3273 203 3339 Morti
216 3269 331 3350 ναυτίας
346 3270 420 3348 τούς
433 3269 605 3353 nitzentorp]
631 3273 728 3333 Semel
744 3291 780 3331 ac
799 3271 909 3332 iterum
924 3271 1073 3334 Semideos
1096 3293 1132 3332 ac

56 3349 142 3433 maior
154 3361 287 3424 ᾱίτωτοτ
305 3360 399 3422 resero
418 3357 536 3420 Author
549 3377 617 3440 pag.
633 3359 684 3424 40.
705 3359 743 3420 Ι).
760 3357 812 3418 hic
824 3357 941 3418 sublato
956 3358 1131 3419 discrimina

56 3441 148 3503 eosdem
166 3445 281 3514 statuit.
323 3443 476 3506 semideos
498 3454 529 3504 at
542 3443 658 3504 Heroas
680 3442 747 3523 quis
766 3441 903 3504 ‹liversoe
923 3443 1046 3522 hebeat,
1068 3443 1129 3504 niai

57 3523 93 3600 qni
102 3531 212 3592 nomine
223 3533 367 3607 Deorum,
387 3549 464 3610 qnos
476 3529 623 3590 maiorum
638 3529 787 3608 gentium
810 3529 1034 3607 semidoctum,
1054 3551 1129 3610 qnos

55 3610 178 3675 minorum
190 3617 342 3697 gentium
362 3609 494 3692 νεκύων,
517 3635 593 3696 quoa
608 3613 738 3693 Horou,
759 3619 906 3698 θνητῶν,
927 3635 1004 3696 qnos
1017 3623 1129 3675 morta·

56 3690 86 3752 let
97 3697 230 3782 dicimus,
250 3701 422 3781 intelligat?

121 3789 290 3869 erectore]
313 3788 466 3867 θετνίτης,
488 3795 519 3846 et
533 3785 659 3866 Θτνίτης
674 3784 754 3844 infra
770 3784 894 3864 legitur,
915 3805 933 3842 a
945 3783 1048 3844 Thena
1067 3783 1129 3842 sor.

57 3879 97 3926 un
107 3868 265 3933 Nomadum
280 3873 394 3954 oppido
412 3893 428 3931 a
446 3871 544 3932 Plinio
558 3869 611 3931 lib.
625 3875 655 3937 6.
670 3891 736 3951 cap.
754 3875 804 3936 19.
821 3869 982 3930 celebrato.

123 3949 313 4038 Οιίσαφαῑδος
326 3959 376 4038 ἔτη
389 3951 439 4037 ss‘.]
461 3957 614 4027 Divinavit
626 3957 757 4035 Scaliger
769 3953 818 4034 ίιη
834 3948 865 4018 τ’.
937 3988 943 3996 -

119 4035 208 4122 ‘Opod
226 4043 275 4124 ἔτη
300 4038 384 4126 συγ’.]
405 4043 485 4104 Baro
510 4042 701 4102 consentiunt
721 4039 862 4121 partiales
882 4053 953 4098 cnm
973 4033 1128 4112 totalibus,

59 4120 161 4201 ttipsae
176 4129 283 4188 totales
301 4129 340 4188 nd
360 4149 391 4188 ee
413 4149 444 4188 se
461 4129 591 4189 invicem
610 4125 814 4205 colligendus,
835 4123 870 4184 in
888 4121 937 4182 tois
951 4119 1085 4182 Africani
1100 4130 1130 4180 et

58 4199 155 4270 Euaebii
175 4207 386 4295 Aegyptioruni
414 4233 517 4294 regum
545 4209 822 4292 diagrammetibns,
859 4225 998 4267 summae.
1049 4207 1132 4280 Quid

60 4305 168 4372 agarem,
189 4299 242 4360 diu
256 4299 365 4360 dubius
377 4299 473 4360 haesi:
498 4297 554 4360 has
569 4317 607 4360 an
627 4297 696 4356 illus
707 4293 912 4365 emendarem,
935 4301 965 4352 et
979 4311 1038 4373 qna
1051 4311 1132 4354 cosn-

60 4390 180 4450 Pouerenr
198 4384 315 4446 ratione
334 4405 396 4446 non
416 4383 507 4448 semel
529 4391 662 4444 attentus
680 4377 840 4462 perpendis
855 4377 989 4448 {tandem
1008 4399 1048 4440 ne
1068 4397 1132 4438 non
