2860 4714
305 381 385 456 ,400
674 373 1022 457 EMENDATIONES
1044 493 1050 504 ¹

307 549 502 630 signficatur,
522 559 550 607 et
566 550 642 629 quia
659 545 814 605 rebellaret
831 545 934 622 frater
949 543 1087 606 Armais.
1137 547 1205 627 Qui
1220 559 1338 627 repente
1359 549 1402 608 ad

306 635 465 698 Pelusium
485 630 663 708 destinarit,
691 642 719 689 et
740 633 903 710 proprium
933 634 1029 691 terruit
1051 653 1192 712 regnam.
1232 637 1400 692 Pmrheee'o

305 741 375 780 vero
390 730 499 780 vocatu
518 731 561 778 eat
574 740 608 777 ex
626 721 693 776 eiua
706 719 825 774 nurum
839 717 1006 796 Aegyptus.
1047 719 1139 777 Dicit
1152 721 1233 776 enirn
1249 717 1330 798 quod
1344 723 1403 778 Se-

306 805 403 864 tlrose's
414 803 571 884 Aegyptus
584 802 770 865 vocabatur:
790 805 918 862 armais
934 813 1037 861 autem
1050 806 1115 862 eires
1124 807 1234 882 fruta
1248 807 1397 865 Dureau-r.

304 891 386 952 Haec
400 890 548 950 Manetho.

393 991 529 1080 Θούωρις
551 989 656 1078 ὅπαρ’
669 988 788 1078 Ὁμήρῳ
812 987 992 1074 Πολύβους]
1015 995 1204 1054 Praesentem
1220 997 1316 1055 locum
1334 1017 1397 1055 una

305 1083 472 1162 corrumpit
497 1089 527 1140 et
548 1079 710 1162 interpolat
730 1079 859 1157 Scaliger
883 1080 1024 1159 Excerpt.
1047 1099 1115 1160 pag.
1136 1083 1210 1146 857.
1236 1081 1398 1160 interpolat

307 1167 440 1228 scribens
456 1161 486 1238 ς’.
506 1160 643 1250 &alapis
657 1163 673 1228 ὁ
687 1159 762 1246 παρ’
778 1159 897 1248 Ὁμήρῳ
912 1158 1097 1245 καλούμενος
1111 1161 1258 1245 Πολύβιος
1267 1159 1398 1228 Ἀλκάν-

308 1253 381 1336 δρας
395 1247 471 1332 ἆνήρ
485 1245 539 1328 ἐφ’
552 1242 590 1312 orl
605 1247 735 1313 ri'llror
747 1242 838 1311 lollio:
862 1269 949 1328 quem
969 1250 1095 1309 eundem
1114 1249 1211 1308 locum
1230 1250 1291 1330 pari
1315 1272 1397 1310 cor-

306 1337 447 1417 ruptione
461 1333 612 1395 foedetum
634 1355 699 1415 pag.
720 1353 781 1412 seq.
799 1335 833 1393 B.
853 1333 917 1414 ipse
932 1355 1051 1413 quoque
1064 1333 1155 1395 simili
1171 1345 1230 1394 arte
1247 1345 1398 1414 expurgat

306 1421 449 1500 Excerpt.
464 1419 571 1482 Euseb.
590 1419 699 1501 pagina
719 1425 768 1486 16.
786 1418 863 1477 linea
882 1423 932 1486 37.
948 1419 1093 1500 depravat
1106 1429 1202 1479 autem
1214 1421 1315 1500 Polybi
1329 1423 1396 1480 siue

305 1503 436 1566 'lhuoris
452 1503 583 1564 eiusdem
598 1503 741 1564 mutilatis
762 1504 847 1563 annia
868 1513 898 1562 et
915 1513 1027 1584 septem
1045 1506 1111 1566 vice
1129 1511 1158 1571 6.
1181 1506 1326 1565 duntaxat
1344 1525 1397 1565 re-

306 1589 414 1672 positis
430 1588 509 1648 dicta
524 1609 589 1672 pag.
603 1591 677 1656 367.
702 1588 752 1648 cui
774 1607 839 1668 pag.
857 1594 905 1654 16.
919 1599 1030 1670 septem
1046 1589 1177 1668 integros
1193 1591 1336 1650 restituit:
1359 1591 1395 1650 ds

306 1695 368 1754 quo
388 1675 510 1734 Latinus
531 1675 684 1735 Eusebius.
732 1673 862 1732 Tluoris
882 1695 933 1732 rex
945 1675 1079 1755 Aegypti
1098 1675 1137 1732 ob
1154 1677 1286 1735 Homero
1299 1677 1395 1752 Pole-

306 1761 364 1819 lrus
383 1771 524 1836 vocator,
545 1763 677 1819 maritus
699 1756 896 1831 Alcandrae,
919 1763 1009 1817 caius
1029 1761 1165 1820 maduit
1194 1763 1339 1820 Homerus
1361 1763 1395 1818 irr

309 1843 466 1924 Odyesaea
478 1843 597 1904 dicens.-
613 1853 685 1924 post
702 1843 814 1903 Troiae
827 1846 1035 1923 captivitatem
1054 1847 1228 1905 Menelaum
1249 1858 1278 1904 et
1297 1847 1394 1904 Hele-

304 1951 376 1990 nam
392 1929 437 1990 ad
448 1951 517 1988 eum
535 1929 690 1990 divertisse
708 1937 866 2006 repetentes
883 1929 1046 1988 Graeciam
1061 1941 1135 2010 post
1152 1929 1259 1990 hellam
1279 1933 1393 1992 Troiae.

303 2015 352 2075 lbi
372 2034 445 2076 vero
466 2035 558 2074 annos
579 2011 706 2072 Thuoris
722 2019 836 2092 septem
851 2015 1030 2074 enumeratis
1051 2015 1196 2095 scaligeri
1211 2016 1319 2078 sitium
1335 2036 1396 2075 no-

302 2099 419 2160 biscum
434 2107 587 2178 expurgat.

381 2201 517 2285 ’Ἀθωρις
539 2201 587 2282 leq
606 2196 683 2283 test]
711 2201 842 2282 Scaliger
865 2225 932 2286 pag.
955 2205 1096 2287 Excerpt.
1115 2205 1190 2272 857.
1218 2200 1293 2289 (θ’.)
1319 2206 1393 2287 quasi

301 2287 424 2350 Atheris
442 2287 530 2366 regui
539 2287 681 2347 alteruter
694 2307 838 2349 numerus
858 2289 1016 2350 offerretur
1029 2291 1214 2372 probandus,
1236 2293 1340 2373 priore
1354 2292 1395 2350 ni·
1424 2283 1425 2319 ³

301 2373 413 2436 mirum
426 2371 561 2432 falsitatis
579 2381 734 2453 suspecto,
757 2375 807 2434 vel
826 2375 958 2435 secundo
972 2373 1032 2436 hoc
1051 2398 1067 2434 a
1084 2377 1242 2436 nonnullis
1267 2377 1394 2436 authori-

301 2457 359 2520 bus
382 2467 503 2522 asserto.
545 2457 607 2518 Nec
624 2478 781 2540 perperam
803 2461 934 2520 omnino.
977 2461 1026 2520 Ex
1047 2461 1180 2539 margine
1199 2461 1316 2543 quippe
1330 2463 1395 2536 sola,

300 2544 410 2624 inqua
427 2537 470 2606 θ’.
487 2541 606 2602 numeri
627 2543 701 2602 noni
720 2543 814 2603 index
835 2554 924 2604 estet
941 2541 1095 2607 character
1116 2545 1321 2608 Achenclrersi
1334 2567 1393 2605 nu-

300 2629 405 2690 merali
419 2637 490 2690 nota
509 2627 623 2688 carenti
641 2625 699 2686 hoc
716 2637 806 2708 pacto
826 2629 1014 2708 adiungiturr
1036 2624 1076 2692 θ’.
1095 2625 1287 2714 Ἀχενχὲρσης
1305 2653 1351 2690 rex
1367 2635 1394 2696 9.

301 2726 346 2773 est
360 2712 594 2790 Acheoclrerses,
617 2713 748 2790 Scaliger
762 2715 795 2772 in
814 2722 929 2773 textum
943 2715 1115 2788 transtulit,
1138 2723 1168 2774 et
1186 2735 1225 2774 ex
1240 2737 1276 2776 eo
1291 2715 1394 2775 chua-

302 2809 383 2858 ctere
407 2809 492 2858 extra
517 2799 616 2858 sedem
639 2798 756 2878 posito,
777 2818 840 2857 non
861 2797 995 2858 ordinem
1020 2799 1127 2878 modo,
1151 2799 1206 2858 sed
1227 2810 1257 2859 et
1275 2799 1398 2881 ltlroris¹

301 2904 397 2943 annos
412 2881 576 2961 significari
591 2881 735 2956 coniecit,
756 2881 855 2962 quire
869 2903 940 2944 vera
953 2904 1015 2944 non
1028 2887 1081 2952 39.
1098 2883 1152 2944 aed
1167 2889 1198 2951 9.
1212 2904 1248 2944 ex
1260 2883 1393 2946 dicendis

301 2976 372 3050 post
384 2977 470 3026 notas
483 2977 595 3050 septem
611 2967 795 3046 colligentur.

390 3063 498 3146 Miror
512 3066 691 3154 Εὔσέβιος.]
721 3073 851 3152 Scaliger
869 3073 1007 3136 Animal.
1030 3096 1095 3158 pag.
1115 3079 1168 3144 32
1204 3077 1279 3136 Hoc
1293 3097 1390 3149 unum,
1423 3071 1424 3076 '

302 3155 416 3237 inquit,
438 3157 543 3218 obiicit
560 3157 730 3240 (Georgius)
752 3159 900 3235 Eruebio,
925 3159 1011 3241 qaod
1024 3163 1081 3222 aab
1094 3161 1151 3222 lroo
1168 3183 1239 3241 rege
1257 3161 1390 3224 Esodum
1423 3225 1424 3232 .

303 3241 512 3302 Hebraeorum
519 3253 634 3323 ponat:
657 3261 753 3322 quum
768 3243 827 3302 alii
843 3245 900 3303 sub
914 3247 1034 3307 Amori.
1079 3248 1168 3326 Quae
1181 3251 1266 3308 ratio
1281 3269 1338 3308 noo
1352 3255 1390 3303 est

303 3329 399 3386 unios
421 3331 510 3388 areis.
551 3329 615 3389 Imo
637 3349 726 3407 quam
745 3329 872 3406 ingentis
893 3333 997 3410 pretii,
1021 3332 1141 3392 cumin
1162 3331 1258 3392 dubis
1278 3353 1312 3394 re
1329 3331 1390 3411 plo-

300 3411 396 3490 rium,
418 3432 507 3490 quatu
521 3412 609 3474 unius
625 3413 794 3492 praevaleat
808 3415 1018 3480 testimouium.
1053 3417 1145 3478 Nullo
1156 3417 1316 3478 interiecto
1327 3416 1389 3474 sub·

301 3495 357 3556 dit.
399 3493 461 3554 Sed
473 3496 523 3554 liis
538 3500 660 3556 omissis
677 3497 748 3556 vide
762 3497 916 3578 quomodo,
929 3503 1083 3562 Eusebius
1102 3523 1202 3560 aureos
1215 3503 1311 3562 laires
1328 3503 1387 3577 Dy-

300 3581 421 3646 naatiae
439 3581 650 3660 interpolando
665 3581 702 3640 id
714 3583 879 3664 affectavit,
899 3597 933 3644 ut
944 3591 1135 3668 principium
1146 3586 1296 3646 Askerris
1305 3605 1387 3665 prae-

300 3669 362 3726 cise
377 3669 411 3726 in
426 3675 544 3746 tempas
555 3663 657 3726 Exodi
670 3667 822 3744 incideret,
844 3674 937 3750 quasi
949 3673 1007 3732 sub
1020 3695 1053 3732 eo
1067 3695 1134 3754 rege
1148 3672 1295 3732 volreiuet
1309 3672 1387 3730 Fro-

301 3750 378 3812 dum
394 3755 575 3834 contigisse,
592 3753 679 3812 railul
693 3775 782 3833 agere
794 3755 960 3834 rideretur,
981 3761 1044 3818 uisi
1057 3762 1091 3818 ire
1100 3758 1256 3838 principio
1272 3759 1332 3814 eries
1342 3773 1385 3810 re-

297 3839 356 3919 gui
374 3837 517 3898 Exodum
542 3841 643 3916 ipsam
663 3849 817 3901 statueret.
866 3839 947 3914 Quia
965 3842 999 3902 in
1027 3845 1188 3904 Eusebium
1211 3837 1383 3904 elementior.

301 3923 445 4002 Georgius
469 3944 508 3982 an
533 3923 682 4002 Scaligerl
720 3923 773 3984 Vel
791 3923 876 3985 euius
897 3927 1018 4005 Georgii
1038 3950 1078 3988 nu
1099 3925 1243 4005 scaligeri
1264 3921 1381 3986 validius

298 4005 458 4072 Eusebium
475 4009 599 4090 impetat
610 4008 704 4071 ratio:
726 4009 839 4070 iudicet
856 4030 965 4090 aequus
983 4013 1101 4077 Lector.
1422 3997 1423 4074 l

383 4115 451 4193 ΡΨ·
472 4119 522 4181 73·
546 4110 683 4198 Θῠῦωρῑς
700 4111 804 4199 laop'
818 4111 965 4202 Ὁμήρῳ]
987 4117 1071 4192 Quae
1084 4117 1121 4179 de
1134 4117 1198 4178 loci
1213 4116 1298 4177 istius
1318 4131 1379 4172 cor·
1422 4103 1423 4130 ¹

299 4198 418 4275 ruptulo
435 4207 465 4257 et
476 4201 681 4262 emendatione
695 4211 767 4260 nota
782 4202 935 4282 superiore
954 4205 1051 4266 tertia,
1065 4203 1238 4285 scripsimus
1258 4197 1378 4260 consule.

300 4275 367 4371 Ἡρα
382 4282 603 4376 apimatlrertos
625 4287 809 4364 scaligerum
826 4289 968 4368 Excerpt.
983 4309 1053 4370 pag.
1069 4293 1119 4356 16.
1139 4309 1232 4349 annos
1244 4293 1276 4352 7.
1291 4281 1377 4344 utro·

300 4377 346 4436 Π»
366 4381 415 4420 ⁰⁰¹
428 4385 496 4446 pag·
510 4370 584 4434 357.
599 4389 653 4430 sex
667 4371 773 4434 tribuit
789 4372 960 4434 concedere.
