2944 4716
272 323 350 412 532
631 325 979 404 munuurtottus
1019 402 1023 410 .

200 457 204 466 ’
273 496 356 560 nnn
369 494 449 558 net·
463 493 603 563 oneum
617 508 762 574 eppone
779 484 951 570 nme..
964 487 1069 571 paee·
1077 487 1257 569 κρούω..
1278 480 1377 551 nura

158 615 168 630 ·
274 593 354 644 atum
373 601 451 640 anuo
471 582 603 640 Caesarie
622 578 745 657 Augusti
768 577 819 642 43.
845 588 948 634 natum
972 573 1093 653 Georgii
1117 594 1186 634 utrm
1208 575 1375 637 Pauodom

274 667 501 748 pronunciatum
524 675 583 726 eati
604 662 657 722 lein
674 673 774 722 tamen
789 659 892 720 abillo
909 661 1074 738 ffiacrepat,
1095 668 1130 718 ut
1143 659 1260 720 Christi
1274 670 1370 719 nata-

272 751 483 827 lemannum,
512 770 548 808 ee
566 748 655 808 aimul
677 746 802 825 Auguati
819 745 871 810 43.
892 746 924 804 in
947 745 1039 812 5493.
1058 765 1078 802 u
1098 745 1218 804 conditu
1245 745 1369 821 mundi,
1454 817 1455 822 η

272 836 324 900 illo
338 835 373 897 in
392 835 488 903 6600.
503 834 684 913 completum
698 832 734 892 ob
748 829 852 890 eodem
865 831 935 892 orbe
952 840 1050 890 creato
1059 829 1185 888 reliciat:
1203 830 1245 890 ait
1260 830 1369 890 nilrilo
1454 863 1455 870 ο

272 921 369 982 aecius
387 919 468 980 idem
490 919 610 997 utrique
624 917 755 978 Iulianae
775 915 892 976 Periodi
913 917 1006 980 4718.
1029 935 1067 974 ex
1085 933 1145 992 quo
1159 913 1233 974 idem
1249 932 1367 976 mnne

272 1005 394 1084 utrique
414 1013 444 1064 et
464 1003 589 1082 Augueti
609 1001 782 1081 primordiis
808 1000 989 1082 respondent
1011 999 1070 1058 erit
1088 998 1207 1060 Periodi
1226 1000 1365 1059 Iulianae
1454 1023 1455 1026 ¹

274 1089 370 1156 4671.
385 1109 444 1166 quo
459 1089 574 1150 conditi
587 1087 666 1148 orbis
678 1087 849 1148 Pauodorua
869 1087 961 1152 5451.
982 1083 1126 1162 Georgius
1141 1085 1230 1151 6466
1249 1104 1364 1146 uume-

274 1185 333 1236 rot.
375 1174 417 1234 Ut
437 1173 554 1251 Georgii
573 1191 656 1231 mana
679 1191 717 1230 ex
735 1171 850 1248 integro
868 1179 898 1229 et
916 1189 979 1228 non
1008 1169 1166 1228 emendato
1188 1171 1246 1229 eiua
1268 1178 1361 1232 textu

274 1279 342 1341 pag.
364 1259 435 1326 805.
462 1259 498 1318 Δ.
520 1259 563 1316 ita
585 1255 734 1317 Panodori
756 1275 793 1314 ex
814 1275 881 1334 pag.
903 1257 974 1321 313.
997 1254 1030 1314 Β.
1051 1262 1182 1314 constat.
1222 1253 1361 1314 ltiverau·

274 1345 431 1422 utriunque
451 1341 486 1402 ab
506 1341 586 1400 orbis
607 1341 699 1400 natali
714 1359 856 1400 numerus
869 1341 901 1398 in
918 1338 1049 1398 Iulianae
1064 1337 1187 1398 Periodi
1204 1337 1288 1406 4611.
1306 1340 1360 1398 in-

274 1427 378 1488 currit.
420 1427 467 1486 Ex
478 1425 563 1502 intio,
583 1425 707 1503 Augusti
718 1445 815 1484 annue
833 1426 880 1491 15.
903 1423 1007 1484 mundi
1023 1423 1114 1490 6472.
1137 1433 1169 1482 et
1182 1423 1358 1484 Periodilu·
1454 1441 1455 1492 3

272 1513 368 1573 lianae
388 1510 482 1577 4686.
503 1531 564 1591 quo
589 1521 676 1590 cepta
695 1519 740 1570 eat
759 1509 939 1572 Alexandria
960 1509 1115 1584 aatrictua,
1144 1509 1312 1568 Bieaextnm
1330 1517 1360 1568 et
1454 1543 1455 1588 5

272 1595 480 1657 intercalarem
494 1596 575 1656 diem
591 1616 630 1656 ex
650 1595 773 1674 Augusti
786 1595 924 1654 mandato
939 1592 1074 1672 exoapit,
1094 1593 1191 1654 infert
1207 1595 1359 1673 Georgiuar

272 1680 449 1744 Panodorua
476 1691 574 1740 autam
600 1681 718 1742 diverto
747 1700 894 1742 annorum
918 1679 1024 1740 muudi
1050 1687 1194 1758 computo
1218 1699 1311 1758 uaur,
1334 1687 1364 1738 et

273 1765 485 1828 Alexandriam
500 1767 633 1844 Angusto
650 1785 762 1826 annum
780 1769 828 1832 16.
843 1765 875 1824 in
891 1763 1014 1844 imperio
1029 1775 1134 1840 agento
1145 1763 1301 1824 subactam
1316 1785 1364 1824 ar·

210 1846 213 1853 ’
273 1849 416 1928 biti-atui,
444 1852 496 1932 qui
516 1851 577 1932 ipsi
599 1861 645 1912 eat
668 1849 775 1910 mnndi
799 1849 892 1916 5466.
917 1869 953 1908 ee
976 1848 1093 1908 Periodi
1116 1848 1249 1908 Iulianae
1268 1851 1362 1930 4686.

273 1957 353 1996 anno
366 1935 557 2016 postmodum
576 1947 682 2012 texto,
704 1936 843 2012 lugunt,
871 1943 906 1993 ut
920 1936 956 1994 de
976 1933 1043 2014 ipio
1060 1941 1192 1994 teotatur
1207 1933 1361 2010 Georgiua,

272 2023 405 2082 aaoundo
419 2031 450 2080 et
467 2021 627 2096 rioeaimo,
647 2020 765 2080 Periodi
788 2018 915 2096 lullanae
930 2020 1022 2085 4692.
1043 2017 1166 2094 mundi,
1188 2017 1275 2078 iuxta
1288 2037 1363 2098 pro-

272 2105 373 2185 prium
388 2105 445 2166 eibi
464 2114 635 2183 computum
650 2105 742 2169 5472.
763 2103 934 2162 Biaaextunt
952 2103 1078 2164 eundem
1091 2103 1171 2162 diem
1188 2105 1322 2182 Augusto
1335 2111 1365 2162 et

272 2187 396 2250 eruditis
409 2188 482 2248 viria
498 2186 722 2246 decernentibus
741 2187 903 2248 udmiaauna
916 2186 1060 2248 observat.
1086 2187 1176 2248 vides
1190 2189 1364 2267 utrobique,

269 2271 305 2332 in
324 2271 444 2349 Georgii
457 2269 601 2331 nimirum
613 2279 642 2331 et
653 2271 803 2332 Penodori
815 2272 940 2334 divereie
952 2272 1103 2352 computis
1116 2273 1234 2348 eodem,
1254 2275 1280 2332 ai
1294 2291 1359 2332 vo-

271 2355 315 2414 oia
330 2375 437 2416 nonum
452 2355 611 2434 reapioiaa,
632 2357 739 2418 mundi
756 2357 848 2424 6472.
868 2357 992 2435 Augusti
1005 2359 1091 2418 iuaau
1102 2357 1266 2436 evulgatum
1284 2357 1355 2415 Bia·

270 2449 356 2500 eexto
378 2441 535 2500 condendo
552 2441 726 2522 deputatum
742 2442 837 2502 dieani
859 2451 890 2502 at
905 2463 991 2522 quana
1006 2442 1125 2504 diverso
1142 2441 1239 2522 spatio
1260 2441 1356 2502 eonii-

270 2526 329 2601 cit,
354 2525 406 2606 qui
421 2525 547 2605 Augusti
565 2547 678 2588 annum
700 2527 751 2594 15.
773 2537 804 2586 et
819 2527 937 2587 Periodi
955 2525 1087 2588 lulianae
1105 2529 1197 2594 4685.
1217 2546 1256 2586 ex
1274 2534 1361 2608 parta

269 2629 348 2688 ποις
371 2620 456 2671 etex
476 2611 615 2692 oppoaitn
638 2611 764 2690 Augusti
778 2617 829 2677 29.
850 2621 879 2670 et
897 2612 1017 2672 Periodi
1031 2612 1162 2672 lullanae
1177 2615 1273 2680 4692
1289 2633 1362 2692 apo-
1454 2609 1455 2682 Ῐ

269 2705 350 2756 etat:
369 2695 428 2758 hoo
443 2704 487 2756 eat
499 2715 646 2756 annorum
659 2702 690 2762 7.
711 2695 911 2757 intervallum.
953 2697 1030 2770 Quia
1041 2717 1113 2758 vero
1128 2698 1166 2756 ab
1181 2696 1359 2757 Alexandria

270 2779 402 2842 Caeaarie
426 2781 516 2841 armia
536 2779 653 2840 devicta
671 2800 723 2840 nex
746 2781 937 2861 poatmodum
955 2782 1040 2842 annia
1058 2782 1138 2842 diem
1153 2782 1358 2842 intercalarmt

268 2865 430 2926 inductum
453 2865 626 2927 Panodorue
647 2865 765 2926 aruerit:
803 2885 872 2927 euru
889 2865 922 2926 in
941 2867 1067 2945 Augusti
1095 2876 1273 2948 potestatem
1292 2867 1360 2927 eiua

218 2967 221 2972 '
268 2969 349 3009 anuo
366 2951 415 3016 16.
429 2951 564 3030 cernerit3
577 2959 679 3011 aextue
691 2949 800 3010 exinde
814 2971 908 3012 annue
922 2951 955 3012 in
962 2951 1111 3012 Panodori
1123 2961 1266 3033 computo
1280 2971 1362 3012 non-

268 3033 328 3094 nlti
346 3033 451 3095 mundi
469 3035 561 3102 6471.
580 3043 721 3116 putatur:
749 3036 803 3116 qui
818 3045 918 3096 tamen
934 3046 969 3096 ut
982 3037 1130 3118 auperiori
1149 3057 1276 3098 numero
1290 3058 1361 3096 oon-

269 3139 354 3196 oore,
376 3129 406 3180 et
421 3119 540 3198 Georgii
560 3120 753 3200 Africanique
767 3120 857 3180 dicata
874 3141 1038 3201 conmuni,
1060 3121 1100 3200 ed
1119 3123 1285 3202 marginem
1305 3141 1360 3182 ex-
1454 3143 1455 3160 ¹

267 3205 393 3283 petitam
409 3213 514 3266 naotua
529 3215 573 3266 eat
585 3205 828 3266 emendationem.

353 3281 532 3371 Αὐγούστου
547 3287 581 3354 di
597 3291 653 3354 tm
667 3283 723 3370 tei]
746 3289 873 3369 Augusti
886 3289 1003 3371 imerii
1014 3311 1092 3352 enno
1105 3291 1209 3372 primo
1221 3291 1260 3352 ad
1268 3309 1353 3352 mun·

143 3423 144 3426 ,
268 3369 302 3432 di
315 3369 410 3436 6468.
430 3373 540 3452 affixo,
560 3375 679 3454 quinon
692 3395 727 3436 eo
743 3376 874 3436 decimus
894 3395 967 3436 cuna·
979 3377 1087 3436 mundi
1102 3377 1199 3444 6472
1221 3375 1355 3454 coniungi

266 3454 428 3536 repetitur:
451 3472 554 3519 verum
574 3461 646 3539 quia
659 3459 723 3520 eiun
738 3481 833 3520 annue
848 3461 990 3538 ultimus,
1011 3461 1066 3542 qui
1080 3471 1184 3522 eextue
1204 3472 1249 3522 eat
1266 3481 1357 3542 aupra

267 3540 320 3607 60.
335 3539 552 3602 coincideutem
569 3544 697 3623 requirit
719 3546 810 3612 6614.
831 3545 913 3625 quod
933 3545 1067 3607 Tiberina
1088 3567 1243 3608 aucoeeaor
1260 3547 1355 3628 impe-

268 3623 347 3685 rinm
364 3645 443 3686 anno
464 3626 557 3694 6616.
576 3629 764 3709 auapicetur,
786 3649 824 3690 ex
845 3649 909 3710 pag.
930 3634 1001 3698 819.
1024 3631 1059 3691 A.
1080 3651 1146 3692 eam
1159 3632 1200 3690 ob
1214 3653 1277 3694 rem
1294 3635 1358 3694 Au·
1454 3699 1455 3714 χ

267 3709 348 3787 guoti
369 3729 464 3772 annua
483 3713 615 3791 primm,
647 3711 700 3794 (ex
720 3715 919 3776 emendatiore
945 3714 1088 3778 Autlroria
1108 3716 1229 3778 calonio
1235 3761 1245 3794 ,
1273 3738 1360 3798 quem

212 3809 216 3814 ·
268 3813 327 3855 noa
343 3795 456 3876 pariter
470 3797 510 3856 nd
530 3795 692 3876 marginem
712 3799 872 3860 adiecimus
891 3818 957 3881 pag.
977 3803 1049 3868 305.
1069 3801 1121 3884 A.)
1141 3804 1252 3862 mundi
1269 3806 1359 3870 64591

269 3882 472 3960 oonaooiataa,
499 3891 668 3963 sequentem
691 3893 833 3964 quartum
852 3893 883 3944 et
901 3883 1049 3946 decimum
1070 3887 1104 3946 in
1130 3888 1242 3948 mundi
1269 3889 1360 3954 5412.

267 3965 376 4026 referta
396 3975 427 4027 et
438 3976 475 4026 ut
487 3967 616 4030 Biaeexti
630 3969 723 4047 legem
737 3989 772 4028 eo
791 3969 883 4030 creati
898 3969 980 4040 orbiu
994 3971 1086 4038 5472.
1106 3971 1150 4032 ita
1163 3971 1296 4051 Auguati
1312 3972 1362 4036 14.

267 4047 397 4127 potitam
411 4049 498 4112 debet
516 4053 634 4114 Author
650 4054 793 4132 Georgius
808 4053 979 4114 admittere:
998 4057 1081 4134 quod
1094 4075 1185 4138 eupra
1206 4056 1362 4138 oonoeptia

267 4133 367 4192 verbio
377 4136 529 4237 proloaaua
542 4149 587 4198 eet
605 4159 671 4218 pag.
691 4141 765 4206 811.
788 4139 821 4200 C.
842 4139 876 4202 ol
889 4138 923 4204 io
937 4133 1142 4227 Ἀλεξανδρείᾳ
1158 4135 1222 4205 eisd
1239 4146 1298 4205 tori
1314 4135 1361 4204 ιδ’.

268 4209 353 4286 &we
364 4223 531 4298 οριθμοόοι
544 4217 617 4296 eoric
630 4217 808 4304 Αὐγούστου
817 4217 954 4322 χρόνους.

349 4297 435 4362 Koerd
457 4299 490 4368 ed
508 4297 555 4376 ις’.
570 4305 656 4381 lmus
667 4311 722 4389 τῆς
740 4301 918 4392 Adyouorou
938 4307 1111 4390 βασιλείας]
1130 4309 1175 4370 De
1187 4307 1277 4370 annia
1293 4306 1360 4370 Au·
