2960 4716
524 359 829 438 ulssmrarlu
1196 352 1221 428 'i

122 523 214 586 dantia
232 531 264 582 ot
284 519 364 584 fider
383 520 588 584 desideretur:
615 529 730 582 tanhm
750 528 850 580 tamen
870 517 979 582 borum
1004 519 1223 582 chronicorum

116 607 327 690 praeatantiam
340 628 417 686 aare,
438 617 475 668 nt
488 607 604 668 nullum
616 615 704 670 vetur
718 605 863 687 scriptum
877 615 959 668 extet
973 605 1009 666 de
1021 606 1138 666 ratione
1151 616 1223 666 tom-

115 715 239 774 porum,
262 693 346 776 quod
366 713 439 752 cum
459 691 520 752 boc
540 691 707 774 comparari
719 692 832 772 poerit:
854 691 914 751 imo
930 691 1048 754 nullum
1059 691 1151 774 paulo
1164 711 1223 752 vo-

118 779 229 838 tuatiua
243 799 330 856 eaae,
353 779 438 856 quod
454 777 491 836 ab
505 775 564 838 laco
576 777 743 840 derivatum
756 797 815 836 non
832 775 880 838 ait.
923 775 1051 856 Maxime
1065 775 1155 856 igitur
1169 775 1224 836 do·

118 863 244 923 lendum
263 885 344 940 ease,
365 859 428 922 boo
440 865 629 944 praeclarum
648 883 724 942 opue
747 881 886 922 mancum
909 861 946 920 ad
965 882 1021 922 noa
1043 861 1223 944 pervenires.

118 949 196 1008 Nam
209 949 297 1030 prior
308 948 389 1010 liber
403 948 519 1028 integer
537 947 732 1024 decideretur,
751 945 804 1026 qui
820 946 978 1017 censuales,
996 956 1031 1008 ut
1046 945 1225 1008 Tertulliani

119 1035 212 1096 verbo
237 1043 376 1110 utamur,
398 1033 532 1094 omnium
555 1033 828 1094 vetuatiaaimarum
845 1031 1000 1092 nafionum
1024 1041 1225 1112 etregnorum

124 1118 285 1182 continuit.
329 1119 414 1193 Quae
439 1117 529 1180 buiua
549 1119 619 1179 libri
641 1119 804 1198 fragmenta
825 1117 905 1197 apud
920 1115 1062 1194 Georgioa
1077 1117 1225 1198 inprimis,

122 1204 301 1283 syncellum
315 1213 344 1264 et
358 1203 535 1282 cedrenum,
557 1214 673 1266 nervat·
687 1212 769 1280 eunt,
789 1199 933 1282 Iosephus
950 1201 1080 1282 Scaliger
1095 1199 1224 1280 collegit,

120 1289 213 1370 plura
233 1297 332 1348 autem
345 1310 401 1370 pro
416 1307 499 1348 more
511 1309 565 1348 auo
580 1290 733 1362 inrorant,
754 1308 829 1368 quae
841 1308 903 1347 non
913 1285 1032 1346 Euaebii
1048 1307 1110 1347 eoae
1122 1286 1226 1346 viden-

122 1384 186 1434 tur.
228 1373 319 1432 Liber
338 1373 506 1454 posterior,
540 1395 627 1454 quem
650 1367 766 1438 κανόνα
788 1381 893 1434 auctor
915 1371 1086 1452 inscripsit,
1112 1370 1227 1452 integer·

127 1457 251 1537 quidem
274 1469 424 1538 superent,
446 1459 498 1518 aed
518 1469 561 1520 eat
573 1468 689 1518 tantum
707 1457 792 1536 quasi
805 1457 898 1518 index
913 1455 1032 1536 quidam
1052 1467 1081 1516 et
1096 1475 1226 1516 rumma-

126 1544 206 1603 n'um
233 1543 406 1624 superioria.
455 1545 623 1624 Utrumque
645 1543 750 1602 Latine
773 1543 921 1602 convertit
945 1545 986 1602 B.
1012 1543 1226 1622 Hieronymus,

125 1627 180 1708 qui
194 1628 249 1686 aab
264 1627 495 1708 imperatoribus
508 1629 647 1690 Romania
664 1627 805 1688 Gratiano
819 1637 849 1686 et
859 1625 1024 1686 Theodoaio
1041 1625 1129 1704 vixit,
1147 1625 1228 1686 circa

125 1733 196 1771 ann.
222 1715 297 1778 390.
341 1713 429 1774 Plura
455 1713 482 1774 ei
506 1713 539 1774 in
551 1713 598 1774 bia
617 1711 772 1774 Chronicia
787 1711 937 1780 uenandis
958 1711 1130 1772 humanitua
1143 1709 1227 1770 exci-

125 1797 214 1872 diaec,
235 1795 296 1856 iam
309 1817 348 1856 ex
368 1819 403 1858 eo
416 1799 567 1858 coniicere
579 1799 691 1876 licebit,
713 1797 806 1878 quod,
830 1795 952 1878 uti'ipee
965 1795 999 1856 in
1012 1795 1164 1876 prooemio
1181 1796 1227 1854 fa-

127 1891 227 1956 tetur,
248 1881 366 1942 nourio
388 1883 577 1944 velociaaime
598 1883 772 1959 dictaverit,
794 1891 824 1941 et
846 1882 976 1960 Scaliger
992 1883 1101 1940 multoe
1114 1899 1228 1938 errore·

130 1965 302 2046 interpretii
321 1967 451 2044 collegit.
494 1969 561 2027 Non
586 1987 659 2027 vero
682 1965 853 2046 interpretis
865 1975 981 2026 tantum
994 1965 1092 2024 officio
1108 1965 1230 2026 sanctio

127 2057 182 2124 eat,
205 2069 309 2110 verum
327 2061 464 2130 exparte
477 2073 596 2133 quoque
612 2051 784 2132 acriptoria:
805 2070 875 2108 nam
891 2059 921 2110 et
936 2049 1047 2110 Graeca
1062 2047 1231 2110 fidelissime
1360 2065 1363 2072 ’

126 2134 293 2214 expressit,
316 2145 346 2196 at
360 2137 524 2208 nonnulla,
547 2157 623 2217 quae
645 2135 815 2196 interminae
828 2133 1022 2214 videbantur,
1041 2133 1150 2194 adiecit
1164 2153 1230 2192 ma·

125 2221 207 2279 xime
228 2219 264 2280 in
281 2219 416 2280 Romana
437 2219 580 2302 historia,
602 2223 638 2282 de
659 2215 833 2300 Tranquillo
855 2219 886 2292 (i.
901 2239 926 2279 e.
945 2215 1100 2303 Suetonio)
1116 2227 1146 2278 et
1162 2237 1230 2275 cae·

128 2305 200 2364 teria
212 2304 383 2366 illustribus
403 2303 554 2368 historicia
568 2305 767 2368 curioaiaaimc
784 2323 957 2386 excerpens.
1000 2301 1230 2364 AConatantini

127 2399 227 2450 autem
245 2409 325 2449 anno
348 2391 493 2470 vigesimo
515 2387 605 2473 (327)
631 2412 726 2470 uaque
750 2389 789 2449 ad
808 2389 1004 2450 Consulatum
1028 2391 1231 2472 Augustorum

127 2474 262 2534 Valentia
275 2476 370 2536 aaziae
385 2485 415 2536 et
430 2475 631 2536 Valentiniani
646 2475 757 2536 iterum
774 2473 810 2555 (i.
827 2495 853 2536 e.
870 2495 938 2534 ann.
956 2474 1027 2536 Chr.
1043 2472 1118 2556 378)
1132 2481 1232 2532 totum
1250 2467 1261 2496 ³

127 2559 305 2640 Hieronymi
315 2569 370 2620 eat.
414 2557 515 2645 (Cous.
532 2559 707 2641 Hieronymi
722 2554 960 2644 praelationem).
988 2559 1128 2618 Attamen
1139 2575 1177 2615 ne
1188 2556 1233 2613 la-

133 2645 197 2700 tina
216 2645 335 2724 quidem
354 2645 432 2706 baec
447 2646 547 2706 versio
564 2648 679 2726 integra
694 2653 845 2726 aupereat:
865 2643 900 2704 in
915 2644 1013 2728 priori
1028 2641 1107 2702 libro
1123 2640 1235 2700 multae

134 2735 166 2786 et
178 2729 293 2806 amplae
301 2730 429 2788 lacunae
442 2742 521 2790 eunt.

200 2813 323 2868 ilatum
342 2833 413 2868 vero
431 2835 581 2889 graecum
595 2807 818 2890 nationemque
838 2813 972 2871 latinam
987 2809 1091 2871 multia
1104 2807 1137 2868 iu
1148 2807 1233 2884 locis,

130 2897 262 2954 maxime
276 2898 310 2954 ira
324 2898 469 2970 numeria,
490 2915 506 2954 a
521 2893 652 2956 librariis
660 2893 861 2972 depravatam
876 2915 947 2970 eoae,
968 2893 1086 2952 iamiam
1103 2900 1234 2973 apparet.

129 2983 206 3040 liam
229 2991 261 3042 ct
282 2980 425 3042 facillima
448 2980 482 3040 in
506 2977 834 3040 notuliatnumerorum
850 2977 1051 3038 describendis
1065 2976 1182 3036 incuria
1199 2997 1235 3034 ac

133 3085 202 3126 unu
221 3076 356 3143 erratur,
376 3066 505 3125 maxime
531 3065 565 3124 in
585 3063 719 3124 numeria
745 3063 901 3141 Romania,
924 3063 976 3143 qui
993 3063 1097 3144 paucis
1118 3069 1235 3121 tantum
1344 3131 1347 3136 Ι

133 3153 212 3212 notia
228 3152 251 3228 1,
276 3152 315 3227 V,
334 3153 374 3228 X,
397 3153 433 3228 L,
454 3151 486 3228 C,
503 3153 543 3228 D,
561 3151 601 3227 M,
622 3149 787 3230 iisdemque
802 3169 871 3228 ergo
883 3148 1001 3229 aaepiua
1013 3145 1150 3226 repetitio
1161 3145 1235 3204 acri-

133 3237 263 3308 buntur3
286 3246 317 3296 et
337 3237 470 3296 nasutuli
485 3245 585 3297 amant
600 3255 716 3295 erronea
732 3235 851 3310 calculi,
874 3233 927 3314 qui
947 3233 1005 3291 ribi
1022 3229 1175 3303 videntur,
1198 3229 1238 3289 ad

132 3343 217 3382 ruam
231 3323 488 3402 computationem
502 3321 664 3400 corrigere;
681 3329 733 3380 aut
746 3327 832 3380 notae
844 3340 861 3378 a
875 3317 1064 3396 diligentibua
1076 3313 1237 3376 lectoribus

133 3407 259 3484 margini
280 3407 448 3488 adscriptae
470 3407 567 3468 textui
589 3407 736 3466 nraererea
758 3404 838 3464 unde
854 3403 931 3464 nulli
945 3401 1063 3462 codices
1077 3399 1170 3480 magia
1186 3399 1238 3459 vi-
1299 3423 1305 3439 ·

133 3494 245 3552 tiorum
260 3501 390 3569 acamnt,
412 3513 502 3572 quam
514 3489 727 3568 chronologici
768 3483 914 3568 Exempla
929 3509 960 3547 ae
976 3487 1107 3548 offerunt
1123 3489 1155 3544 in
1171 3487 1238 3564 ipao

135 3599 214 3638 armo
238 3576 351 3636 mundi
368 3578 516 3655 finiendo,
540 3599 599 3658 quo
616 3575 773 3634 Christum
793 3585 903 3634 natum
922 3595 983 3630 erae
1003 3570 1154 3632 Eucebiue
1171 3590 1238 3648 pu·
1322 3633 1324 3636 ,

133 3667 255 3724 laonia
276 3695 321 3710 —
339 3664 387 3724 Ab
408 3663 523 3724 Adamo
546 3663 586 3722 ad
606 3661 761 3720 Diluvium
782 3680 874 3738 noque
896 3657 1012 3736 colligit
1033 3676 1129 3714 aanor
1144 3657 1239 3728 2242,

132 3749 262 3808 tectibus
288 3747 416 3828 Georgia
437 3748 578 3829 syncello
605 3767 636 3828 p.
667 3747 718 3813 64.
743 3765 783 3824 ac,
795 3745 904 3804 Tirone
920 3745 1064 3822 Proapero
1079 3759 1109 3820 p.
1127 3742 1189 3804 284
1206 3736 1240 3813 iu

136 3834 257 3894 Graevii
271 3831 414 3899 Tbeaaur.
432 3835 515 3894 Tom.
530 3832 600 3910 XL,
622 3831 732 3912 quibua
744 3834 893 3890 consentit
903 3825 1003 3889 versio
1017 3825 1113 3886 latina
1130 3821 1240 3880 Hiero·

135 3919 218 3999 nymi
242 3940 310 4001 pag.
325 3924 348 3988 8
361 3930 392 3980 et
406 3919 476 3986 158.
519 3917 573 3978 ilia
597 3915 682 3978 addit
696 3935 792 3975 annua
808 3915 872 3982 942
886 3935 903 3972 a
918 3911 1037 3972 Diluvio
1054 3909 1093 3968 ad
1105 3903 1241 3966 Abrabae

136 4006 341 4066 nativitatem:
364 4025 434 4085 ergo
450 4012 521 4064 aunt
534 4005 571 4064 ab
580 4001 693 4064 Adamo
707 4001 746 4062 ad
755 3997 905 4060 Abraham
919 3999 995 4058 anni
1006 3993 1099 4066 3184.
1120 3989 1167 4050 Uli
1181 3990 1240 4050 do·

138 4099 205 4150 cent
219 4089 366 4172 Georgiua
377 4114 411 4174 p.
423 4093 476 4156 86.
489 4091 542 4156 87.
557 4092 609 4156 92.
630 4091 703 4154 111.
719 4089 792 4154 826.
811 4081 1013 4165 Hieronymua
1027 4098 1064 4138 ac
1078 4076 1149 4136 Tiro
1165 4075 1242 4134 Pro-

138 4196 205 4255 aper
216 4178 239 4236 1.
252 4199 296 4254 c.,
317 4187 412 4258 atque
425 4174 494 4256 ipae
505 4173 651 4254 Euaebiua
664 4171 698 4232 in
710 4169 865 4253 prooemio
878 4169 917 4230 ad
932 4161 1127 4249 portariorem
1140 4159 1239 4258 Chro-

139 4261 273 4324 nieorum
296 4262 413 4324 librum
434 4258 582 4325 verrionia
602 4257 713 4320 latinae
726 4277 758 4336 p.
782 4255 839 4333 653
860 4273 930 4314 nam
946 4251 980 4310 in
1000 4247 1121 4310 Graecia
1136 4245 1244 4304 ultima

139 4343 225 4412 buina
248 4347 402 4432 proemii
419 4346 538 4408 daun.
559 4375 602 4390 -
623 4343 661 4403 ln
682 4340 780 4425 priori
799 4339 920 4421 quidem
934 4323 1013 4398 libro
1034 4329 1181 4395 rodonia
1193 4327 1244 4386 la·
