2860 4714
414 129 416 136 ’
496 129 507 164 l

397 365 457 435 ΕΤ
476 367 830 440 ANNOTATIONES·
1090 359 1166 436 tlt

71 535 119 586 est
133 527 164 586 in
175 524 305 586 Harum
333 523 372 584 Et
388 545 452 606 cep.
469 529 518 594 12.
538 547 570 587 v.
584 529 615 594 4.
649 530 851 612 Septuaginta
867 531 1003 610 quiesque
1014 547 1167 588 annorum

73 623 140 670 erat
150 611 274 671 Abram
288 629 359 668 oum
369 631 508 690 egressus
520 624 563 671 ert
576 611 615 670 te
625 615 747 680 Horma,
781 616 828 676 Ex
842 614 890 674 his
910 613 1044 674 Abrahae
1060 623 1090 672 et
1110 634 1166 692 ge-

68 707 189 756 storum
205 696 271 755 eius
284 715 424 777 praesens
441 697 519 756 ratio
535 698 695 777 colligitur.
731 699 879 760 Abrohom
892 700 984 780 patris
997 699 1022 759 Τ
1023 697 1095 756 lrsre
1108 719 1167 758 en·

65 801 107 842 no
123 787 180 848 70.
197 779 328 842 venitin
344 781 459 859 lucem,
482 783 586 842 estatis
596 802 671 845 vero
682 785 821 865 propriae
837 804 914 844 anno
928 784 979 850 75.
1001 803 1038 842 ex
1052 783 1164 860 Hsran,

67 866 215 926 ulricum
236 874 322 946 petre
344 867 533 942 morabetnr,
556 868 717 928 discessum
733 870 870 949 pererit,
900 877 931 928 et
944 869 1041 928 solnm
1062 869 1165 944 vertit,

69 951 167 1033 patris
184 948 283 1011 Thero
304 971 383 1010 nuno
408 951 477 1017 145.
497 953 560 1032 ipse
576 953 672 1013 There
694 953 803 1013 deinde
818 953 855 1013 sd
874 973 966 1012 sonos
983 953 1054 1019 205.
1071 954 1164 1013 vitam

68 1037 240 1117 produxit,
262 1046 330 1096 ente
343 1036 436 1116 putris
451 1037 543 1114 igitur
556 1039 672 1098 obitum
693 1047 722 1098 et
738 1059 832 1099 eunus
852 1037 915 1098 eius
935 1037 1015 1097 vitae
1038 1047 1166 1117 postre-

68 1141 133 1180 mos
156 1127 208 1188 60.
224 1139 264 1180 ex
278 1121 378 1180 Heron
392 1121 425 1180 in
446 1121 573 1182 alienam
591 1134 701 1183 terrem
721 1125 819 1184 fueret
839 1119 988 1182 Alirehem
1001 1124 1164 1202 proiectus.

69 1205 115 1267 En
128 1215 233 1266 temen
251 1215 286 1264 ut
297 1209 426 1265 Actnnm
440 1212 469 1272 7.
487 1227 517 1270 ν.
532 1208 562 1274 4.
578 1208 747 1289 Stephanus
761 1208 875 1289 Spiritu
891 1209 997 1288 plenus
1014 1215 1045 1265 et
1056 1205 1166 1286 impul·

67 1311 138 1368 sus,
163 1291 204 1352 ad
219 1289 344 1350 Iudaeos
357 1291 449 1350 verba
465 1292 592 1354 facienes
613 1293 783 1370 Abraham,
800 1293 850 1370 eit,
862 1293 1015 1352 habitavit
1030 1293 1065 1348 in
1081 1289 1167 1350 Cleu-

67 1399 146 1450 γαπ,
167 1375 233 1438 sive
253 1375 364 1440 Heron.
405 1377 448 1436 Et
469 1375 540 1436 inde
558 1391 723 1460 postquam
748 1391 887 1437 mortuus
911 1389 954 1436 est
971 1387 1064 1456 pater
1089 1378 1166 1450 eius,

67 1461 235 1520 rrarutulit
248 1461 338 1520 illum
350 1463 439 1520 Deue
458 1465 624 1523 interram
646 1468 753 1540 istam,
776 1467 810 1522 in
823 1485 886 1543 quo
905 1483 959 1524 voe
971 1481 1055 1521 nuno
1067 1460 1167 1520 tebt-

68 1551 158 1608 tuts's.
203 1547 358 1607 Annorum
377 1551 447 1614 185.
462 1548 582 1608 tenebat
595 1569 753 1610 numerum
767 1547 934 1624 Abrelssm,
958 1567 1026 1607 cum
1044 1555 1130 1627 peter
1148 1565 1166 1606 e

67 1634 133 1692 11111
148 1631 301 1691 (1111111111
321 1651 384 1691 11011
399 1631 493 1710 igliur
504 1634 557 1700 75.
578 1634 659 1696 vites
674 1655 753 1694 enno
772 1633 896 1694 trensiit
911 1631 944 1692 iu
957 1641 1066 1692 terrem
1085 1629 1166 1690 Clee-

65 1737 163 1777 naen:
188 1726 240 1775 ant
256 1717 283 1775 si
299 1736 334 1778 eo
353 1725 487 1797 tempore
501 1719 651 1798 proiectus
672 1729 734 1792 est,
755 1739 816 1779 non
831 1717 923 1797 igitur
934 1725 1019 1798 patre
1032 1725 1164 1792 mortuo,

67 1823 142 1862 cnm
163 1802 268 1860 aetstis
290 1801 363 1868 136.
380 1812 560 1866 numeraret.
601 1805 637 1865 In
655 1805 713 1865 hau
733 1805 845 1866 iemosa
865 1802 1035 1883 quaestione
1049 1811 1079 1860 et
1090 1801 1166 1882 plu-e

67 1889 151 1948 rium
167 1885 302 1946 examine
314 1887 472 1965 ventilato,
496 1891 654 1950 memorius
674 1892 790 1970 lapsum
804 1909 843 1951 cx
862 1887 1016 1948 concionis
1026 1895 1119 1962 'aestu
1132 1886 1167 1946 in

67 1970 229 2052 Stephano
243 1971 338 2032 Cunus
353 1981 457 2032 noster
472 1974 616 2034 admittit:
638 1975 690 2034 sed
710 1993 779 2034 cum
799 1976 907 2055 plenus
927 1981 1032 2033 sancto
1050 1969 1167 2051 Spiritu

64 2057 264 2135 loqueretur,
285 2076 302 2113 s
319 2057 416 2136 fragili
436 2057 593 2118 hominnm
616 2069 697 2120 sorte
721 2069 751 2119 et
772 2059 946 2120 infirmitate
967 2053 1175 2118 vindicandus-

66 2151 121 2200 eet
143 2139 201 2198 Dei
226 2159 331 2220 preeco
358 2151 388 2202 et
411 2143 606 2222 Evenguieee
625 2145 762 2205 veritetis
786 2155 916 2224 assertor
937 2149 967 2209 2·
994 2141 1097 2202 Annos
1112 2140 1167 2206 75.

66 2223 225 2288 Abrohom
237 2225 437 2306 Hieronymus
449 2228 482 2288 in
494 2230 614 2304 Qnesst.
628 2230 719 2292 ldebr.
733 2249 796 2288 non
812 2229 904 2290 sentit
918 2227 954 2287 eb
968 2247 1003 2287 eo
1014 2234 1166 2286 momento

70 2332 131 2390 quo
145 2310 247 2370 lucem
260 2313 394 2392 aspexit,
417 2315 631 2391 numerandos,
654 2315 707 2374 sed
721 2334 780 2394 quo
797 2315 919 2395 repulso
934 2311 1082 2374 idolorum
1098 2311 1169 2372 cul·

68 2406 105 2456 tn
120 2415 208 2456 suem
226 2415 294 2476 erge
307 2417 413 2457 verum
434 2399 528 2458 Deum
546 2397 636 2458 tidem
660 2408 689 2459 et
704 2399 878 2477 religionem
891 2397 1033 2457 endacins
1047 2398 1168 2476 prosce-

70 2501 121 2544 sns
136 2490 199 2558 est,
222 2483 303 2560 quod
318 2483 451 2543 nondum
466 2493 552 2564 patre
567 2484 644 2544 vivis
660 2491 761 2564 erepto
782 2483 955 2558 contingere
975 2481 1093 2556 debuit,
1113 2499 1168 2539 eo·

71 2586 131 2646 qus
154 2565 315 2644 defuncto,
338 2577 369 2628 et
388 2569 439 2634 75.
457 2589 520 2629 non
541 2569 635 2646 vitae,
657 2568 711 2628 sed
723 2567 895 2648 publicatae
912 2565 984 2624 fidei
1005 2565 1107 2640 aunis,
1129 2583 1168 2622 ex
1278 2601 1283 2632 r

70 2651 225 2712 Heraeis
249 2651 454 2712 Chaneneesm
472 2663 507 2714 ut
530 2653 687 2734 migraret,
709 2653 804 2712 uDso
823 2659 1017 2734 praeceptum
1038 2645 1168 2726 occepit.

72 2737 114 2796 dt
127 2756 199 2796 cnm
210 2736 347 2798 Abrehee
360 2759 525 2798 memorem
539 2759 632 2799 ennos
644 2747 743 2799 ortum
753 2739 815 2797 eius
828 2757 891 2797 nou
906 2735 996 2794 fidem
1009 2732 1069 2792 toti
1081 2751 1169 2792 mnu·

73 2821 112 2880 do
129 2823 283 2900 vulgetem
300 2823 439 2904 respiciet
457 2823 630 2904 Scriptura,
650 2823 773 2902 utquid
789 2821 842 2882 hic
862 2840 927 2882 sem
942 2816 1055 2878 mundo
1068 2815 1169 2876 mani-

72 2908 211 2966 testatem
219 2951 228 2983 ,
251 2917 282 2968 et
295 2908 333 2966 ab
350 2927 383 2967 ea
398 2908 539 2990 deinceps
555 2918 690 2968 exectum
703 2917 829 2970 aetatem
844 2901 1167 2966 connoteseedicstnr'i

76 2995 105 3056 S·
126 2991 277 3054 Abrelrem
294 3013 372 3052 enno
387 2995 480 3074 petris
494 2993 590 3054 There
606 2995 765 3054 centesimo
780 3001 811 3052 et
830 2989 983 3052 tricesimo
996 2997 1101 3048 natum
1114 3001 1166 3047 ee-

76 3077 149 3136 serit
163 3079 253 3136 tertie
267 3079 427 3138 sententie:
448 3079 496 3138 hie
510 3099 584 3139 vero
600 3079 766 3159 scripturae
779 3077 893 3152 verbim
915 3076 1051 3154 visitque
1070 3073 1167 3134 l'lrnre

73 3167 125 3227 70.
145 3163 239 3220 annis
263 3173 291 3220 et
307 3165 417 3242 genreit
441 3163 574 3240 Abram,
596 3164 738 3226 subtilius
760 3183 850 3244 quam
864 3160 968 3224 verius
989 3159 1166 3240 respondete

71 3265 136 3306 non
151 3256 228 3306 tuuc
240 3246 388 3308 Abraham
401 3257 505 3309 netum
522 3250 628 3320 eesesi,
650 3249 702 3308 sed
714 3259 833 3308 tentum
849 3248 912 3306 eius
931 3253 1048 3326 petrem
1070 3242 1168 3304 There

72 3341 143 3392 ente
157 3337 212 3398 70.
230 3351 342 3392 sunum
354 3353 392 3393 ex
402 3334 503 3395 liberis
518 3333 667 3394 Abrelram
682 3331 801 3394 Nechor
814 3341 844 3392 et
857 3332 948 3392 Aram
964 3330 1083 3390 nullum
1097 3349 1168 3390 sus-

72 3417 206 3498 cepisse,
218 3414 220 3418 ’
232 3439 294 3498 quo
316 3419 482 3499 susceperit
502 3417 623 3480 Nachor
650 3419 789 3479 stiram
809 3437 872 3477 non
896 3424 998 3498 epsrte
1018 3425 1168 3493 constare,

72 3501 225 3563 abnuam
246 3502 343 3566 There
363 3508 434 3570 130.
450 3505 618 3586 grendsmo
633 3514 738 3564 uatum
758 3503 985 3578 sffirmnndum,
1006 3509 1042 3562 ut
1059 3499 1168 3560 deinde

72 3589 124 3655 75.
139 3587 222 3650 viteo
241 3606 321 3648 enno
342 3590 380 3650 ed
401 3589 589 3650 Chananeeos
606 3591 775 3671 profectum
789 3589 942 3671 Scriptura
961 3586 1095 3668 potuerit
1117 3593 1169 3644 te-

73 3673 158 3734 stari.
200 3673 248 3732 Au
262 3673 385 3754 effugiet
400 3675 452 3736 vel
467 3675 576 3738 enodet
589 3675 813 3752 difficultatem,
834 3673 910 3736 hoec
924 3670 1082 3746 scatentia,
1095 3687 1169 3728 ver-

71 3757 111 3818 be
130 3757 306 3839 Scripturas
323 3759 446 3842 proprie
467 3781 502 3821 ee
516 3781 670 3842 germane,
691 3759 718 3820 si
733 3760 811 3822 nihil
825 3760 918 3836 obsit,
938 3751 1169 3849 interpretanti·-

74 3843 130 3904 lms
142 3843 364 3906 discutiendum
378 3846 526 3928 relinquo.
555 3851 587 3914 4.
608 3847 668 3907 elii
687 3867 755 3906 cum
770 3844 935 3925 Augustino
948 3861 1010 3902 non
1030 3857 1121 3898 uuam
1134 3855 1170 3896 m

77 3927 325 3998 Ghenmeeorum
333 3932 484 4012 regionem
498 3929 634 3993 Abrelsee
642 3941 778 3992 statuunt
784 3928 1012 4011 protectionem,
1033 3922 1087 3982 sed
1100 3921 1170 4000 plu-

74 4031 140 4074 roet
166 4013 277 4094 quibus
298 4017 440 4078 nimirum
462 4037 529 4098 erge
554 4027 671 4100 petrem
692 4017 812 4098 pietetis
834 4012 935 4074 officie
959 4007 1170 4104 persoluturus

75 4115 294 4180 nonuunquam
308 4101 367 4162 iret
385 4123 421 4162 ac
435 4112 654 4164 reverteretur:
674 4103 861 4182 primamque
881 4117 919 4158 err
935 4095 977 4156 eis
994 4111 1072 4152 snreo
1088 4099 1169 4152 vetes

77 4183 127 4248 75.
139 4195 321 4266 susceptam,
341 4197 523 4268 postremum
537 4209 628 4266 vero,
649 4207 709 4267 que
724 4185 859 4246 stabilem
873 4183 907 4241 in
923 4179 1169 4241 chananaeorum

75 4275 155 4328 lem
176 4289 293 4330 moram
314 4273 390 4353 egit,
417 4283 501 4353 petre
518 4281 655 4348 mortuo,
681 4273 769 4330 iuxta
789 4265 933 4347 Stephani
953 4262 1169 4340 testimonium,

78 4353 179 4418 mimo
190 4355 250 4418 sibi
266 4355 357 4420 inisse
373 4358 531 4426 deosum.
566 4355 687 4423 Athene
700 4355 782 4416 ultro
797 4353 933 4434 citroque
944 4349 1085 4416 nomentio
1100 4367 1169 4412 cuns
