<?xml version="1.0" encoding="UTF-8"?>
<!DOCTYPE html PUBLIC "-//W3C//DTD XHTML 1.0 Transitional//EN"
    "http://www.w3.org/TR/xhtml1/DTD/xhtml1-transitional.dtd">
<html xmlns="http://www.w3.org/1999/xhtml" xml:lang="en" lang="en">
 <head>
  <title>
</title>
<meta http-equiv="Content-Type" content="text/html;charset=utf-8" />
  <meta name='ocr-system' content='tesseract 3.04.00' />
  <meta name='ocr-capabilities' content='ocr_page ocr_carea ocr_par ocr_line ocrx_word'/>
</head>
<body>
  <div class='ocr_page' id='page_1' title='image "./corpusscriptoru15niebgoog_0496.png"; bbox 0 0 2888 4714; ppageno 0'>
   <div class='ocr_carea' id='block_1_1' title="bbox 418 359 1150 438">
    <p class='ocr_par' dir='ltr' id='par_1_1' title="bbox 418 359 1150 438">
     <span class='ocr_line' id='line_1_1' title="bbox 418 359 1150 438; baseline 0.004 -4"><span class='ocrx_word' id='word_1_1' title='bbox 418 363 477 434; x_wconf 85' lang='grc' dir='ltr'><strong>ΕΤ</strong></span> <span class='ocrx_word' id='word_1_2' title='bbox 497 363 849 438; x_wconf 75' lang='lat' dir='ltr'><strong>ANNOTA&#39;I&#39;IONES.</strong></span> <span class='ocrx_word' id='word_1_3' title='bbox 1074 359 1150 437; x_wconf 71' lang='lat'><strong>478</strong></span> 
     </span>
    </p>
   </div>
   <div class='ocr_carea' id='block_1_2' title="bbox 61 514 1254 3992">
    <p class='ocr_par' dir='ltr' id='par_1_2' title="bbox 64 514 1152 694">
     <span class='ocr_line' id='line_1_2' title="bbox 64 514 1152 614; baseline 0.005 -28"><span class='ocrx_word' id='word_1_4' title='bbox 64 514 231 606; x_wconf 65' lang='lat' dir='ltr'><strong>sicyonium,</strong></span> <span class='ocrx_word' id='word_1_5' title='bbox 252 519 391 583; x_wconf 72' lang='lat' dir='ltr'><strong>:Modo</strong></span> <span class='ocrx_word' id='word_1_6' title='bbox 411 522 554 584; x_wconf 80' lang='lat' dir='ltr'><strong>videlicet</strong></span> <span class='ocrx_word' id='word_1_7' title='bbox 572 523 645 584; x_wconf 87' lang='lat' dir='ltr'><strong>anni</strong></span> <span class='ocrx_word' id='word_1_8' title='bbox 666 525 850 605; x_wconf 74' lang='lat' dir='ltr'><strong>syncellisni</strong></span> <span class='ocrx_word' id='word_1_9' title='bbox 871 524 970 608; x_wconf 83' lang='lat' dir='ltr'><strong>primo</strong></span> <span class='ocrx_word' id='word_1_10' title='bbox 987 546 1106 608; x_wconf 79' lang='lat' dir='ltr'><strong>mense,</strong></span> <span class='ocrx_word' id='word_1_11' title='bbox 1126 528 1152 614; x_wconf 70' lang='lat' dir='ltr'><strong>d</strong></span> 
     </span>
     <span class='ocr_line' id='line_1_3' title="bbox 64 601 1149 694; baseline 0.008 -25"><span class='ocrx_word' id='word_1_12' title='bbox 64 603 162 690; x_wconf 73' lang='lat' dir='ltr'><strong>mpsim</strong></span> <span class='ocrx_word' id='word_1_13' title='bbox 176 601 341 688; x_wconf 70' lang='grc' dir='ltr'><strong>Ὀλυμπιὰς</strong></span> <span class='ocrx_word' id='word_1_14' title='bbox 353 605 455 688; x_wconf 75' lang='grc' dir='ltr'><strong><em>ἤχθη,</em></strong></span> <span class='ocrx_word' id='word_1_15' title='bbox 475 607 643 689; x_wconf 75' lang='lat' dir='ltr'><strong>plenilunio</strong></span> <span class='ocrx_word' id='word_1_16' title='bbox 658 611 817 671; x_wconf 70' lang='lat' dir='ltr'><strong>solstitium</strong></span> <span class='ocrx_word' id='word_1_17' title='bbox 832 613 978 674; x_wconf 83' lang='lat' dir='ltr'><strong>aestivum</strong></span> <span class='ocrx_word' id='word_1_18' title='bbox 999 624 1149 694; x_wconf 87' lang='lat' dir='ltr'><strong>sequente.</strong></span> 
     </span>
    </p>

    <p class='ocr_par' dir='ltr' id='par_1_3' title="bbox 61 687 1254 3652">
     <span class='ocr_line' id='line_1_4' title="bbox 140 687 1150 780; baseline 0.009 -27"><span class='ocrx_word' id='word_1_19' title='bbox 140 687 283 780; x_wconf 53' lang='lat' dir='ltr'><strong>Kurdffo&#39;</strong></span> <span class='ocrx_word' id='word_1_20' title='bbox 296 688 417 778; x_wconf 51' lang='lat' dir='ltr'><strong>,dunel</strong></span> <span class='ocrx_word' id='word_1_21' title='bbox 440 693 538 766; x_wconf 83' lang='lat' dir='ltr'><strong>Quam</strong></span> <span class='ocrx_word' id='word_1_22' title='bbox 550 693 691 754; x_wconf 88' lang='lat' dir='ltr'><strong>mendose</strong></span> <span class='ocrx_word' id='word_1_23' title='bbox 706 689 815 778; x_wconf 58' lang='lat' dir='ltr'><strong>,dunel</strong></span> <span class='ocrx_word' id='word_1_24' title='bbox 830 697 984 778; x_wconf 70' lang='lat' dir='ltr'><strong>scripserit</strong></span> <span class='ocrx_word' id='word_1_25' title='bbox 997 699 1150 762; x_wconf 70' lang='lat' dir='ltr'><strong>Librarius</strong></span> 
     </span>
     <span class='ocr_line' id='line_1_5' title="bbox 62 775 1151 859; baseline 0.01 -23"><span class='ocrx_word' id='word_1_26' title='bbox 62 775 188 856; x_wconf 88' lang='lat' dir='ltr'><strong>primam</strong></span> <span class='ocrx_word' id='word_1_27' title='bbox 208 776 416 858; x_wconf 75' lang='lat' dir='ltr'><strong>Olympiadem</strong></span> <span class='ocrx_word' id='word_1_28' title='bbox 439 776 570 859; x_wconf 89' lang='lat' dir='ltr'><strong>coepisse</strong></span> <span class='ocrx_word' id='word_1_29' title='bbox 593 797 631 838; x_wconf 83' lang='lat' dir='ltr'><strong>ex</strong></span> <span class='ocrx_word' id='word_1_30' title='bbox 655 777 812 838; x_wconf 80' lang='lat' dir='ltr'><strong>sinceriori</strong></span> <span class='ocrx_word' id='word_1_31' title='bbox 831 780 975 843; x_wconf 77' lang='lat' dir='ltr'><strong>Authoris</strong></span> <span class='ocrx_word' id='word_1_32' title='bbox 1000 795 1099 846; x_wconf 89' lang='lat' dir='ltr'><strong>mente</strong></span> <span class='ocrx_word' id='word_1_33' title='bbox 1119 793 1151 847; x_wconf 86' lang='lat' dir='ltr'><strong>et</strong></span> 
     </span>
     <span class='ocr_line' id='line_1_6' title="bbox 63 855 1151 948; baseline 0.013 -30"><span class='ocrx_word' id='word_1_34' title='bbox 63 861 294 922; x_wconf 87' lang='lat' dir='ltr'><strong>correctioribus</strong></span> <span class='ocrx_word' id='word_1_35' title='bbox 302 862 365 920; x_wconf 90' lang='lat' dir='ltr'><strong>eius</strong></span> <span class='ocrx_word' id='word_1_36' title='bbox 379 861 499 942; x_wconf 89' lang='lat' dir='ltr'><strong>scriptis</strong></span> <span class='ocrx_word' id='word_1_37' title='bbox 514 861 631 940; x_wconf 81' lang='lat' dir='ltr'><strong>colligo.</strong></span> <span class='ocrx_word' id='word_1_38' title='bbox 645 855 857 945; x_wconf 68' lang='grc' dir='ltr'><strong>ἐνεγράφησαν</strong></span> <span class='ocrx_word' id='word_1_39' title='bbox 871 868 1061 948; x_wconf 72' lang='lat' dir='ltr'><strong>erudierim,</strong></span> <span class='ocrx_word' id='word_1_40' title='bbox 1075 871 1151 932; x_wconf 81' lang='lat' dir='ltr'><strong>smi-</strong></span> 
     </span>
     <span class='ocr_line' id='line_1_7' title="bbox 62 941 1150 1037; baseline 0.017 -35"><span class='ocrx_word' id='word_1_41' title='bbox 62 942 106 1003; x_wconf 92' lang='lat' dir='ltr'><strong>bit</strong></span> <span class='ocrx_word' id='word_1_42' title='bbox 118 946 247 1006; x_wconf 76' lang='lat' dir='ltr'><strong>inferius</strong></span> <span class='ocrx_word' id='word_1_43' title='bbox 262 945 381 1007; x_wconf 83' lang='lat' dir='ltr'><strong>disertis</strong></span> <span class='ocrx_word' id='word_1_44' title='bbox 394 947 501 1023; x_wconf 81' lang='lat' dir='ltr'><strong>verbis,</strong></span> <span class='ocrx_word' id='word_1_45' title='bbox 515 965 583 1026; x_wconf 75' lang='lat' dir='ltr'><strong>pag.</strong></span> <span class='ocrx_word' id='word_1_46' title='bbox 597 951 668 1012; x_wconf 85' lang='grc'><strong>197.</strong></span> <span class='ocrx_word' id='word_1_47' title='bbox 679 947 714 1006; x_wconf 86' lang='grc' dir='ltr'><strong>Β.</strong></span> <span class='ocrx_word' id='word_1_48' title='bbox 729 941 791 1010; x_wconf 74' lang='lat' dir='ltr'><strong>dud</strong></span> <span class='ocrx_word' id='word_1_49' title='bbox 803 953 859 1010; x_wconf 79' lang='lat' dir='ltr'><strong>rosi</strong></span> <span class='ocrx_word' id='word_1_50' title='bbox 871 954 1038 1015; x_wconf 72' lang='grc' dir='ltr'><strong><em>καθολικοῦ</em></strong></span> <span class='ocrx_word' id='word_1_51' title='bbox 1049 973 1150 1037; x_wconf 76' lang='grc' dir='ltr'><strong><em>κοσμι-</em></strong></span> 
     </span>
     <span class='ocr_line' id='line_1_8' title="bbox 62 1023 1150 1116; baseline 0.007 -24"><span class='ocrx_word' id='word_1_52' title='bbox 62 1033 117 1092; x_wconf 77' lang='lat' dir='ltr'><strong>sori</strong></span> <span class='ocrx_word' id='word_1_53' title='bbox 136 1027 247 1116; x_wconf 64' lang='lat' dir='ltr'><strong>,deved</strong></span> <span class='ocrx_word' id='word_1_54' title='bbox 271 1031 372 1108; x_wconf 71' lang='lat' dir='ltr'><strong>irone,</strong></span> <span class='ocrx_word' id='word_1_55' title='bbox 392 1023 476 1094; x_wconf 79' lang='grc' dir='ltr'><strong><em>τοῦτ’</em></strong></span> <span class='ocrx_word' id='word_1_56' title='bbox 499 1030 579 1094; x_wconf 81' lang='grc' dir='ltr'><strong><em>ἔστιν</em></strong></span> <span class='ocrx_word' id='word_1_57' title='bbox 602 1025 663 1099; x_wconf 73' lang='lat' dir='ltr'><strong>dul</strong></span> <span class='ocrx_word' id='word_1_58' title='bbox 679 1035 734 1094; x_wconf 80' lang='lat' dir='ltr'><strong>:ori</strong></span> <span class='ocrx_word' id='word_1_59' title='bbox 752 1024 806 1111; x_wconf 79' lang='grc' dir='ltr'><strong>με’.</strong></span> <span class='ocrx_word' id='word_1_60' title='bbox 829 1031 912 1108; x_wconf 70' lang='lat' dir='ltr'><strong>drove</strong></span> <span class='ocrx_word' id='word_1_61' title='bbox 925 1028 1031 1109; x_wconf 78' lang='grc' dir='ltr'><strong>Ὀζίου.</strong></span> <span class='ocrx_word' id='word_1_62' title='bbox 1072 1039 1150 1100; x_wconf 83' lang='lat' dir='ltr'><strong>Coe-</strong></span> 
     </span>
     <span class='ocr_line' id='line_1_9' title="bbox 61 1115 1149 1200; baseline 0.01 -27"><span class='ocrx_word' id='word_1_63' title='bbox 61 1115 135 1194; x_wconf 87' lang='lat' dir='ltr'><strong>pisse</strong></span> <span class='ocrx_word' id='word_1_64' title='bbox 151 1135 230 1176; x_wconf 83' lang='lat' dir='ltr'><strong>vero</strong></span> <span class='ocrx_word' id='word_1_65' title='bbox 247 1116 339 1182; x_wconf 77' lang='lat'><strong>4726.</strong></span> <span class='ocrx_word' id='word_1_66' title='bbox 359 1135 397 1174; x_wconf 85' lang='lat' dir='ltr'><strong>ne</strong></span> <span class='ocrx_word' id='word_1_67' title='bbox 415 1123 553 1196; x_wconf 89' lang='lat' dir='ltr'><strong>putemus</strong></span> <span class='ocrx_word' id='word_1_68' title='bbox 572 1135 693 1178; x_wconf 87' lang='lat' dir='ltr'><strong>erronee</strong></span> <span class='ocrx_word' id='word_1_69' title='bbox 708 1116 868 1198; x_wconf 87' lang='lat' dir='ltr'><strong>scriptum,</strong></span> <span class='ocrx_word' id='word_1_70' title='bbox 891 1139 930 1178; x_wconf 82' lang='lat' dir='ltr'><strong>ex</strong></span> <span class='ocrx_word' id='word_1_71' title='bbox 946 1119 1032 1180; x_wconf 84' lang='lat' dir='ltr'><strong>sonis</strong></span> <span class='ocrx_word' id='word_1_72' title='bbox 1052 1123 1149 1200; x_wconf 82' lang='lat' dir='ltr'><strong>Ozias,</strong></span> 
     </span>
     <span class='ocr_line' id='line_1_10' title="bbox 63 1199 1150 1282; baseline 0.007 -23"><span class='ocrx_word' id='word_1_73' title='bbox 63 1199 109 1277; x_wconf 84' lang='lat' dir='ltr'><strong>qui</strong></span> <span class='ocrx_word' id='word_1_74' title='bbox 126 1199 273 1275; x_wconf 77' lang='lat' dir='ltr'><strong>Azsrias,</strong></span> <span class='ocrx_word' id='word_1_75' title='bbox 291 1199 447 1260; x_wconf 79' lang='lat' dir='ltr'><strong>reddimur</strong></span> <span class='ocrx_word' id='word_1_76' title='bbox 470 1200 618 1262; x_wconf 76' lang='lat' dir='ltr'><strong>certiores.</strong></span> <span class='ocrx_word' id='word_1_77' title='bbox 666 1201 754 1278; x_wconf 91' lang='lat' dir='ltr'><strong>Eius,</strong></span> <span class='ocrx_word' id='word_1_78' title='bbox 783 1201 884 1281; x_wconf 88' lang='lat' dir='ltr'><strong>inquit</strong></span> <span class='ocrx_word' id='word_1_79' title='bbox 907 1201 1043 1282; x_wconf 75' lang='lat' dir='ltr'><strong>Author,</strong></span> <span class='ocrx_word' id='word_1_80' title='bbox 1072 1227 1150 1268; x_wconf 88' lang='lat' dir='ltr'><strong>snno</strong></span> 
     </span>
     <span class='ocr_line' id='line_1_11' title="bbox 62 1284 1151 1365; baseline 0.006 -20"><span class='ocrx_word' id='word_1_81' title='bbox 62 1286 108 1350; x_wconf 82' lang='grc'><strong>45.</strong></span> <span class='ocrx_word' id='word_1_82' title='bbox 132 1284 351 1365; x_wconf 89' lang='lat' dir='ltr'><strong>Olympisdum</strong></span> <span class='ocrx_word' id='word_1_83' title='bbox 372 1285 511 1365; x_wconf 86' lang='lat' dir='ltr'><strong>periodos</strong></span> <span class='ocrx_word' id='word_1_84' title='bbox 531 1305 688 1346; x_wconf 89' lang='lat' dir='ltr'><strong>numerare</strong></span> <span class='ocrx_word' id='word_1_85' title='bbox 705 1286 900 1364; x_wconf 79' lang='lat' dir='ltr'><strong>aggredimur.</strong></span> <span class='ocrx_word' id='word_1_86' title='bbox 949 1289 1034 1350; x_wconf 89' lang='lat' dir='ltr'><strong>Onus</strong></span> <span class='ocrx_word' id='word_1_87' title='bbox 1053 1299 1151 1352; x_wconf 86' lang='lat' dir='ltr'><strong>sutem</strong></span> 
     </span>
     <span class='ocr_line' id='line_1_12' title="bbox 62 1369 1150 1453; baseline 0.008 -26"><span class='ocrx_word' id='word_1_88' title='bbox 62 1370 140 1448; x_wconf 82' lang='lat' dir='ltr'><strong>regni</strong></span> <span class='ocrx_word' id='word_1_89' title='bbox 163 1389 246 1430; x_wconf 89' lang='lat' dir='ltr'><strong>anno</strong></span> <span class='ocrx_word' id='word_1_90' title='bbox 267 1371 359 1435; x_wconf 77' lang='lat'><strong>4682.</strong></span> <span class='ocrx_word' id='word_1_91' title='bbox 399 1369 537 1430; x_wconf 79' lang='lat' dir='ltr'><strong>Azetium</strong></span> <span class='ocrx_word' id='word_1_92' title='bbox 560 1369 684 1430; x_wconf 88' lang='lat' dir='ltr'><strong>subiisse</strong></span> <span class='ocrx_word' id='word_1_93' title='bbox 701 1380 827 1432; x_wconf 84' lang='lat' dir='ltr'><strong>testetur</strong></span> <span class='ocrx_word' id='word_1_94' title='bbox 847 1372 971 1453; x_wconf 89' lang='lat' dir='ltr'><strong>ipsemet</strong></span> <span class='ocrx_word' id='word_1_95' title='bbox 990 1375 1150 1453; x_wconf 79' lang='lat' dir='ltr'><strong>Georgius:</strong></span> 
     </span>
     <span class='ocr_line' id='line_1_13' title="bbox 63 1452 1151 1540; baseline 0.006 -28"><span class='ocrx_word' id='word_1_96' title='bbox 63 1473 97 1512; x_wconf 84' lang='lat' dir='ltr'><strong>ex</strong></span> <span class='ocrx_word' id='word_1_97' title='bbox 110 1474 175 1534; x_wconf 86' lang='lat' dir='ltr'><strong>quo</strong></span> <span class='ocrx_word' id='word_1_98' title='bbox 191 1454 343 1532; x_wconf 85' lang='lat' dir='ltr'><strong>sequitur,</strong></span> <span class='ocrx_word' id='word_1_99' title='bbox 364 1452 426 1512; x_wconf 89' lang='lat' dir='ltr'><strong>eius</strong></span> <span class='ocrx_word' id='word_1_100' title='bbox 445 1475 462 1513; x_wconf 85' lang='lat' dir='ltr'><strong>s</strong></span> <span class='ocrx_word' id='word_1_101' title='bbox 483 1465 619 1535; x_wconf 85' lang='lat' dir='ltr'><strong>suscepto</strong></span> <span class='ocrx_word' id='word_1_102' title='bbox 635 1475 726 1534; x_wconf 86' lang='lat' dir='ltr'><strong>reguo</strong></span> <span class='ocrx_word' id='word_1_103' title='bbox 743 1455 995 1536; x_wconf 77' lang='lat' dir='ltr'><strong>quadragesimum</strong></span> <span class='ocrx_word' id='word_1_104' title='bbox 1012 1459 1151 1540; x_wconf 84' lang='lat' dir='ltr'><strong>quintum</strong></span> 
     </span>
     <span class='ocr_line' id='line_1_14' title="bbox 63 1537 1161 1626; baseline 0.006 -28"><span class='ocrx_word' id='word_1_105' title='bbox 63 1539 92 1598; x_wconf 91' lang='lat' dir='ltr'><strong>in</strong></span> <span class='ocrx_word' id='word_1_106' title='bbox 110 1539 224 1598; x_wconf 87' lang='lat' dir='ltr'><strong>mundi</strong></span> <span class='ocrx_word' id='word_1_107' title='bbox 244 1539 338 1604; x_wconf 74' lang='lat'><strong>4726.</strong></span> <span class='ocrx_word' id='word_1_108' title='bbox 358 1537 506 1599; x_wconf 86' lang='lat' dir='ltr'><strong>incidere:</strong></span> <span class='ocrx_word' id='word_1_109' title='bbox 527 1559 595 1600; x_wconf 88' lang='lat' dir='ltr'><strong>eum</strong></span> <span class='ocrx_word' id='word_1_110' title='bbox 610 1559 738 1618; x_wconf 84' lang='lat' dir='ltr'><strong>namque</strong></span> <span class='ocrx_word' id='word_1_111' title='bbox 761 1561 888 1618; x_wconf 67' lang='lat' dir='ltr'><strong>unum,</strong></span> <span class='ocrx_word' id='word_1_112' title='bbox 909 1563 968 1622; x_wconf 88' lang='lat' dir='ltr'><strong>qno</strong></span> <span class='ocrx_word' id='word_1_113' title='bbox 983 1544 1161 1626; x_wconf 84' lang='lat' dir='ltr'><strong>principem</strong></span> 
     </span>
     <span class='ocr_line' id='line_1_15' title="bbox 64 1623 1148 1706; baseline 0.006 -24"><span class='ocrx_word' id='word_1_114' title='bbox 64 1625 225 1702; x_wconf 85' lang='lat' dir='ltr'><strong>quemlibet</strong></span> <span class='ocrx_word' id='word_1_115' title='bbox 236 1623 420 1702; x_wconf 83' lang='lat' dir='ltr'><strong>provinciam</strong></span> <span class='ocrx_word' id='word_1_116' title='bbox 441 1623 598 1702; x_wconf 85' lang='lat' dir='ltr'><strong>regendam</strong></span> <span class='ocrx_word' id='word_1_117' title='bbox 613 1625 775 1704; x_wconf 84' lang='lat' dir='ltr'><strong>suscepisse</strong></span> <span class='ocrx_word' id='word_1_118' title='bbox 789 1625 911 1704; x_wconf 87' lang='lat' dir='ltr'><strong>scribit,</strong></span> <span class='ocrx_word' id='word_1_119' title='bbox 931 1627 1062 1706; x_wconf 91' lang='lat' dir='ltr'><strong>primum</strong></span> <span class='ocrx_word' id='word_1_120' title='bbox 1084 1629 1148 1690; x_wconf 89' lang='lat' dir='ltr'><strong>eius</strong></span> 
     </span>
     <span class='ocr_line' id='line_1_16' title="bbox 62 1705 1148 1878; baseline 0.007 -30"><span class='ocrx_word' id='word_1_121' title='bbox 62 1705 1148 1878; x_wconf 50' lang='grc' dir='ltr'><strong>14177ῒὲ1ῗέ11371.·.ἓ.1;.ἰ1ἳί.171·..ἓῗ.’;ἐῖὶ“</strong></span> 
     </span>
     <span class='ocr_line' id='line_1_17' title="bbox 63 1875 1150 1960; baseline 0.007 -26"><span class='ocrx_word' id='word_1_122' title='bbox 63 1875 121 1936; x_wconf 89' lang='lat' dir='ltr'><strong>eise</strong></span> <span class='ocrx_word' id='word_1_123' title='bbox 136 1875 208 1936; x_wconf 89' lang='lat' dir='ltr'><strong>suni</strong></span> <span class='ocrx_word' id='word_1_124' title='bbox 227 1884 403 1956; x_wconf 83' lang='lat' dir='ltr'><strong>tempestate</strong></span> <span class='ocrx_word' id='word_1_125' title='bbox 418 1877 562 1938; x_wconf 86' lang='lat' dir='ltr'><strong>ducerent</strong></span> <span class='ocrx_word' id='word_1_126' title='bbox 577 1879 713 1952; x_wconf 86' lang='lat' dir='ltr'><strong>initium,</strong></span> <span class='ocrx_word' id='word_1_127' title='bbox 735 1899 793 1958; x_wconf 90' lang='lat' dir='ltr'><strong>qua</strong></span> <span class='ocrx_word' id='word_1_128' title='bbox 807 1879 1033 1940; x_wconf 80' lang='lat' dir='ltr'><strong>celebrabantur</strong></span> <span class='ocrx_word' id='word_1_129' title='bbox 1043 1901 1150 1960; x_wconf 83' lang='lat' dir='ltr'><strong>egones</strong></span> 
     </span>
     <span class='ocr_line' id='line_1_18' title="bbox 64 1959 1149 2045; baseline 0.006 -26"><span class='ocrx_word' id='word_1_130' title='bbox 64 1961 225 2041; x_wconf 77' lang='lat' dir='ltr'><strong>Olympici,</strong></span> <span class='ocrx_word' id='word_1_131' title='bbox 238 1970 307 2040; x_wconf 88' lang='lat' dir='ltr'><strong>post</strong></span> <span class='ocrx_word' id='word_1_132' title='bbox 321 1961 465 2022; x_wconf 78' lang='lat' dir='ltr'><strong>aestivum</strong></span> <span class='ocrx_word' id='word_1_133' title='bbox 479 1961 620 2022; x_wconf 77' lang='lat' dir='ltr'><strong>videlicet</strong></span> <span class='ocrx_word' id='word_1_134' title='bbox 632 1963 808 2024; x_wconf 84' lang='lat' dir='ltr'><strong>solstitium:</strong></span> <span class='ocrx_word' id='word_1_135' title='bbox 829 1963 900 2024; x_wconf 89' lang='lat' dir='ltr'><strong>binc</strong></span> <span class='ocrx_word' id='word_1_136' title='bbox 912 1959 947 2026; x_wconf 86' lang='lat' dir='ltr'><strong>ut</strong></span> <span class='ocrx_word' id='word_1_137' title='bbox 957 1965 1036 2024; x_wconf 86' lang='lat' dir='ltr'><strong>idern</strong></span> <span class='ocrx_word' id='word_1_138' title='bbox 1045 1967 1149 2045; x_wconf 82' lang='lat' dir='ltr'><strong>Olym·</strong></span> 
     </span>
     <span class='ocr_line' id='line_1_19' title="bbox 62 2044 1150 2130; baseline 0.007 -28"><span class='ocrx_word' id='word_1_139' title='bbox 62 2045 153 2124; x_wconf 88' lang='lat' dir='ltr'><strong>picus</strong></span> <span class='ocrx_word' id='word_1_140' title='bbox 163 2044 276 2106; x_wconf 90' lang='lat' dir='ltr'><strong>duobus</strong></span> <span class='ocrx_word' id='word_1_141' title='bbox 292 2046 398 2106; x_wconf 88' lang='lat' dir='ltr'><strong>mnndi</strong></span> <span class='ocrx_word' id='word_1_142' title='bbox 414 2047 661 2108; x_wconf 85' lang='lat' dir='ltr'><strong>coextenderetur</strong></span> <span class='ocrx_word' id='word_1_143' title='bbox 674 2067 790 2128; x_wconf 88' lang='lat' dir='ltr'><strong>semper</strong></span> <span class='ocrx_word' id='word_1_144' title='bbox 805 2049 947 2128; x_wconf 74' lang='lat' dir='ltr'><strong>configit,</strong></span> <span class='ocrx_word' id='word_1_145' title='bbox 969 2050 1077 2130; x_wconf 82' lang='lat' dir='ltr'><strong>prioris</strong></span> <span class='ocrx_word' id='word_1_146' title='bbox 1098 2049 1150 2109; x_wconf 84' lang='lat' dir='ltr'><strong>ui·</strong></span> 
     </span>
     <span class='ocr_line' id='line_1_20' title="bbox 65 2127 1150 2215; baseline 0.006 -28"><span class='ocrx_word' id='word_1_147' title='bbox 65 2129 179 2188; x_wconf 89' lang='lat' dir='ltr'><strong>mirum</strong></span> <span class='ocrx_word' id='word_1_148' title='bbox 196 2127 298 2190; x_wconf 74' lang='lat' dir='ltr'><strong>Iuliani</strong></span> <span class='ocrx_word' id='word_1_149' title='bbox 313 2131 527 2210; x_wconf 80' lang='lat' dir='ltr'><strong>posterioribus</strong></span> <span class='ocrx_word' id='word_1_150' title='bbox 550 2151 603 2191; x_wconf 81' lang='lat' dir='ltr'><strong>sex</strong></span> <span class='ocrx_word' id='word_1_151' title='bbox 624 2132 789 2211; x_wconf 87' lang='lat' dir='ltr'><strong>mensibus,</strong></span> <span class='ocrx_word' id='word_1_152' title='bbox 809 2153 845 2192; x_wconf 88' lang='lat' dir='ltr'><strong>ac</strong></span> <span class='ocrx_word' id='word_1_153' title='bbox 859 2135 1032 2213; x_wconf 84' lang='lat' dir='ltr'><strong>posterioris</strong></span> <span class='ocrx_word' id='word_1_154' title='bbox 1053 2133 1150 2215; x_wconf 89' lang='lat' dir='ltr'><strong>priori</strong></span> 
     </span>
     <span class='ocr_line' id='line_1_21' title="bbox 63 2215 1150 2298; baseline 0.01 -27"><span class='ocrx_word' id='word_1_155' title='bbox 63 2221 130 2272; x_wconf 89' lang='lat' dir='ltr'><strong>toto</strong></span> <span class='ocrx_word' id='word_1_156' title='bbox 150 2215 281 2274; x_wconf 88' lang='lat' dir='ltr'><strong>semestri</strong></span> <span class='ocrx_word' id='word_1_157' title='bbox 299 2215 409 2294; x_wconf 90' lang='lat' dir='ltr'><strong>spatio:</strong></span> <span class='ocrx_word' id='word_1_158' title='bbox 430 2216 480 2276; x_wconf 86' lang='lat' dir='ltr'><strong>vel</strong></span> <span class='ocrx_word' id='word_1_159' title='bbox 494 2225 529 2275; x_wconf 89' lang='lat' dir='ltr'><strong>nt</strong></span> <span class='ocrx_word' id='word_1_160' title='bbox 546 2235 683 2294; x_wconf 85' lang='lat' dir='ltr'><strong>germane</strong></span> <span class='ocrx_word' id='word_1_161' title='bbox 700 2215 819 2296; x_wconf 86' lang='lat' dir='ltr'><strong>loquer,</strong></span> <span class='ocrx_word' id='word_1_162' title='bbox 841 2219 951 2298; x_wconf 87' lang='lat' dir='ltr'><strong>prioris</strong></span> <span class='ocrx_word' id='word_1_163' title='bbox 967 2218 1150 2298; x_wconf 79' lang='lat' dir='ltr'><strong>Synceltimi</strong></span> 
     </span>
     <span class='ocr_line' id='line_1_22' title="bbox 64 2295 1149 2384; baseline 0.009 -30"><span class='ocrx_word' id='word_1_164' title='bbox 64 2295 94 2378; x_wconf 91' lang='lat' dir='ltr'><strong>(a</strong></span> <span class='ocrx_word' id='word_1_165' title='bbox 109 2297 209 2359; x_wconf 83' lang='lat' dir='ltr'><strong>Martii</strong></span> <span class='ocrx_word' id='word_1_166' title='bbox 224 2300 333 2380; x_wconf 85' lang='lat' dir='ltr'><strong>quippe</strong></span> <span class='ocrx_word' id='word_1_167' title='bbox 343 2301 392 2367; x_wconf 77' lang='lat'><strong>26.</strong></span> <span class='ocrx_word' id='word_1_168' title='bbox 406 2299 530 2360; x_wconf 84' lang='lat' dir='ltr'><strong>inchoat</strong></span> <span class='ocrx_word' id='word_1_169' title='bbox 544 2298 674 2380; x_wconf 81' lang='lat' dir='ltr'><strong>annum)</strong></span> <span class='ocrx_word' id='word_1_170' title='bbox 694 2302 907 2380; x_wconf 87' lang='lat' dir='ltr'><strong>posterioribus</strong></span> <span class='ocrx_word' id='word_1_171' title='bbox 921 2313 1050 2384; x_wconf 76' lang='lat' dir='ltr'><strong>quatuor</strong></span> <span class='ocrx_word' id='word_1_172' title='bbox 1063 2325 1149 2364; x_wconf 90' lang='lat' dir='ltr'><strong>men-</strong></span> 
     </span>
     <span class='ocr_line' id='line_1_23' title="bbox 65 2381 1150 2469; baseline 0.009 -29"><span class='ocrx_word' id='word_1_173' title='bbox 65 2381 159 2458; x_wconf 89' lang='lat' dir='ltr'><strong>sibus,</strong></span> <span class='ocrx_word' id='word_1_174' title='bbox 187 2403 224 2442; x_wconf 84' lang='lat' dir='ltr'><strong>sc</strong></span> <span class='ocrx_word' id='word_1_175' title='bbox 243 2383 416 2464; x_wconf 85' lang='lat' dir='ltr'><strong>posterioris</strong></span> <span class='ocrx_word' id='word_1_176' title='bbox 437 2384 600 2444; x_wconf 86' lang='lat' dir='ltr'><strong>octimestri</strong></span> <span class='ocrx_word' id='word_1_177' title='bbox 619 2394 650 2444; x_wconf 91' lang='lat' dir='ltr'><strong>et</strong></span> <span class='ocrx_word' id='word_1_178' title='bbox 668 2385 796 2464; x_wconf 82' lang='lat' dir='ltr'><strong>amplius</strong></span> <span class='ocrx_word' id='word_1_179' title='bbox 817 2389 923 2466; x_wconf 79' lang='lat' dir='ltr'><strong>spatio.</strong></span> <span class='ocrx_word' id='word_1_180' title='bbox 969 2389 1018 2448; x_wconf 80' lang='lat' dir='ltr'><strong>Ex</strong></span> <span class='ocrx_word' id='word_1_181' title='bbox 1034 2410 1094 2469; x_wconf 85' lang='lat' dir='ltr'><strong>quo</strong></span> <span class='ocrx_word' id='word_1_182' title='bbox 1112 2389 1150 2450; x_wconf 87' lang='lat' dir='ltr'><strong>fit</strong></span> 
     </span>
     <span class='ocr_line' id='line_1_24' title="bbox 65 2467 1150 2551; baseline 0.006 -25"><span class='ocrx_word' id='word_1_183' title='bbox 65 2475 97 2526; x_wconf 90' lang='lat' dir='ltr'><strong>ut</strong></span> <span class='ocrx_word' id='word_1_184' title='bbox 111 2467 246 2546; x_wconf 83' lang='lat' dir='ltr'><strong>quemvis</strong></span> <span class='ocrx_word' id='word_1_185' title='bbox 266 2468 356 2528; x_wconf 82' lang='lat' dir='ltr'><strong>Oziee</strong></span> <span class='ocrx_word' id='word_1_186' title='bbox 376 2468 629 2551; x_wconf 75' lang='lat' dir='ltr'><strong>quadragesimum</strong></span> <span class='ocrx_word' id='word_1_187' title='bbox 648 2468 785 2546; x_wconf 88' lang='lat' dir='ltr'><strong>quintum</strong></span> <span class='ocrx_word' id='word_1_188' title='bbox 805 2489 916 2530; x_wconf 88' lang='lat' dir='ltr'><strong>anunm</strong></span> <span class='ocrx_word' id='word_1_189' title='bbox 935 2471 1040 2533; x_wconf 90' lang='lat' dir='ltr'><strong>mundi</strong></span> <span class='ocrx_word' id='word_1_190' title='bbox 1056 2474 1150 2540; x_wconf 79' lang='lat'><strong>4726.</strong></span> 
     </span>
     <span class='ocr_line' id='line_1_25' title="bbox 66 2553 1150 2634; baseline 0.006 -24"><span class='ocrx_word' id='word_1_191' title='bbox 66 2553 220 2633; x_wconf 88' lang='lat' dir='ltr'><strong>coaequari</strong></span> <span class='ocrx_word' id='word_1_192' title='bbox 234 2553 455 2633; x_wconf 87' lang='lat' dir='ltr'><strong>scripserimus,</strong></span> <span class='ocrx_word' id='word_1_193' title='bbox 475 2553 602 2634; x_wconf 87' lang='lat' dir='ltr'><strong>primam</strong></span> <span class='ocrx_word' id='word_1_194' title='bbox 615 2561 715 2612; x_wconf 83' lang='lat' dir='ltr'><strong>temen</strong></span> <span class='ocrx_word' id='word_1_195' title='bbox 731 2553 954 2634; x_wconf 88' lang='lat' dir='ltr'><strong>Olympisdem,</strong></span> <span class='ocrx_word' id='word_1_196' title='bbox 974 2564 1012 2614; x_wconf 89' lang='lat' dir='ltr'><strong>ut</strong></span> <span class='ocrx_word' id='word_1_197' title='bbox 1030 2555 1150 2616; x_wconf 78' lang='lat' dir='ltr'><strong>Authos·</strong></span> 
     </span>
     <span class='ocr_line' id='line_1_26' title="bbox 67 2637 1254 2720; baseline 0.004 -25"><span class='ocrx_word' id='word_1_198' title='bbox 67 2655 141 2698; x_wconf 87' lang='lat' dir='ltr'><strong>suno</strong></span> <span class='ocrx_word' id='word_1_199' title='bbox 154 2637 272 2698; x_wconf 84' lang='lat' dir='ltr'><strong>lnlieno</strong></span> <span class='ocrx_word' id='word_1_200' title='bbox 287 2638 379 2704; x_wconf 75' lang='lat'><strong>4725.</strong></span> <span class='ocrx_word' id='word_1_201' title='bbox 395 2637 572 2718; x_wconf 85' lang='lat' dir='ltr'><strong>qusndoque</strong></span> <span class='ocrx_word' id='word_1_202' title='bbox 587 2637 751 2716; x_wconf 79' lang='lat' dir='ltr'><strong>consignat,</strong></span> <span class='ocrx_word' id='word_1_203' title='bbox 773 2645 804 2696; x_wconf 89' lang='lat' dir='ltr'><strong>et</strong></span> <span class='ocrx_word' id='word_1_204' title='bbox 819 2638 943 2720; x_wconf 87' lang='lat' dir='ltr'><strong>proprio</strong></span> <span class='ocrx_word' id='word_1_205' title='bbox 956 2637 1069 2718; x_wconf 88' lang='lat' dir='ltr'><strong>sibique</strong></span> <span class='ocrx_word' id='word_1_206' title='bbox 1082 2639 1148 2698; x_wconf 81' lang='lat' dir='ltr'><strong>usi·</strong></span> <span class='ocrx_word' id='word_1_207' title='bbox 1167 2637 1200 2696; x_wconf 81' lang='lat' dir='ltr'><strong>V.</strong></span> <span class='ocrx_word' id='word_1_208' title='bbox 1216 2641 1254 2700; x_wconf 71' lang='grc' dir='ltr'><strong>Β)</strong></span> 
     </span>
     <span class='ocr_line' id='line_1_27' title="bbox 66 2721 1147 2804; baseline 0.004 -25"><span class='ocrx_word' id='word_1_209' title='bbox 66 2729 125 2782; x_wconf 82' lang='lat' dir='ltr'><strong>tato</strong></span> <span class='ocrx_word' id='word_1_210' title='bbox 146 2724 240 2791; x_wconf 80' lang='lat'><strong>4726.</strong></span> <span class='ocrx_word' id='word_1_211' title='bbox 264 2723 308 2783; x_wconf 85' lang='lat' dir='ltr'><strong>its</strong></span> <span class='ocrx_word' id='word_1_212' title='bbox 327 2741 542 2802; x_wconf 79' lang='lat' dir='ltr'><strong>nonnunquam</strong></span> <span class='ocrx_word' id='word_1_213' title='bbox 562 2721 708 2804; x_wconf 88' lang='lat' dir='ltr'><strong>possimus</strong></span> <span class='ocrx_word' id='word_1_214' title='bbox 736 2721 825 2783; x_wconf 88' lang='lat' dir='ltr'><strong>etism</strong></span> <span class='ocrx_word' id='word_1_215' title='bbox 845 2721 879 2782; x_wconf 89' lang='lat' dir='ltr'><strong>in</strong></span> <span class='ocrx_word' id='word_1_216' title='bbox 899 2723 992 2790; x_wconf 80' lang='lat'><strong>4727.</strong></span> <span class='ocrx_word' id='word_1_217' title='bbox 1015 2723 1147 2801; x_wconf 86' lang='lat' dir='ltr'><strong>reiicere,</strong></span> 
     </span>
     <span class='ocr_line' id='line_1_28' title="bbox 68 2801 1148 2889; baseline 0.004 -25"><span class='ocrx_word' id='word_1_218' title='bbox 68 2807 142 2884; x_wconf 87' lang='lat' dir='ltr'><strong>quod</strong></span> <span class='ocrx_word' id='word_1_219' title='bbox 156 2809 220 2868; x_wconf 89' lang='lat' dir='ltr'><strong>eius</strong></span> <span class='ocrx_word' id='word_1_220' title='bbox 235 2807 378 2868; x_wconf 87' lang='lat' dir='ltr'><strong>nimirum</strong></span> <span class='ocrx_word' id='word_1_221' title='bbox 390 2807 461 2868; x_wconf 84' lang='lat' dir='ltr'><strong>enni</strong></span> <span class='ocrx_word' id='word_1_222' title='bbox 473 2807 656 2889; x_wconf 90' lang='lat' dir='ltr'><strong>principium</strong></span> <span class='ocrx_word' id='word_1_223' title='bbox 675 2805 876 2888; x_wconf 75' lang='lat' dir='ltr'><strong>Olympiadici</strong></span> <span class='ocrx_word' id='word_1_224' title='bbox 894 2801 964 2868; x_wconf 79' lang='lat' dir='ltr'><strong>mni</strong></span> <span class='ocrx_word' id='word_1_225' title='bbox 980 2806 1070 2866; x_wconf 87' lang='lat' dir='ltr'><strong>finem</strong></span> <span class='ocrx_word' id='word_1_226' title='bbox 1091 2827 1148 2868; x_wconf 85' lang='lat' dir='ltr'><strong>ex-</strong></span> 
     </span>
     <span class='ocr_line' id='line_1_29' title="bbox 68 2889 1149 2972; baseline 0.006 -24"><span class='ocrx_word' id='word_1_227' title='bbox 68 2891 159 2972; x_wconf 83' lang='lat' dir='ltr'><strong>cipiet.</strong></span> <span class='ocrx_word' id='word_1_228' title='bbox 203 2893 329 2972; x_wconf 81' lang='lat' dir='ltr'><strong>Proprie</strong></span> <span class='ocrx_word' id='word_1_229' title='bbox 348 2901 427 2952; x_wconf 86' lang='lat' dir='ltr'><strong>certe</strong></span> <span class='ocrx_word' id='word_1_230' title='bbox 442 2901 472 2952; x_wconf 83' lang='lat' dir='ltr'><strong>et</strong></span> <span class='ocrx_word' id='word_1_231' title='bbox 487 2889 527 2952; x_wconf 88' lang='lat' dir='ltr'><strong>sd</strong></span> <span class='ocrx_word' id='word_1_232' title='bbox 539 2891 640 2953; x_wconf 82' lang='lat' dir='ltr'><strong>Martii</strong></span> <span class='ocrx_word' id='word_1_233' title='bbox 652 2891 843 2953; x_wconf 84' lang='lat' dir='ltr'><strong>Neomeniam</strong></span> <span class='ocrx_word' id='word_1_234' title='bbox 856 2913 935 2952; x_wconf 88' lang='lat' dir='ltr'><strong>anno</strong></span> <span class='ocrx_word' id='word_1_235' title='bbox 948 2891 1096 2971; x_wconf 83' lang='lat' dir='ltr'><strong>devincto,</strong></span> <span class='ocrx_word' id='word_1_236' title='bbox 1118 2901 1149 2955; x_wconf 82' lang='lat' dir='ltr'><strong>et</strong></span> 
     </span>
     <span class='ocr_line' id='line_1_30' title="bbox 68 2975 1150 3059; baseline 0.006 -26"><span class='ocrx_word' id='word_1_237' title='bbox 68 2978 165 3038; x_wconf 89' lang='lat' dir='ltr'><strong>mundi</strong></span> <span class='ocrx_word' id='word_1_238' title='bbox 184 2977 278 3044; x_wconf 71' lang='lat'><strong>4725.</strong></span> <span class='ocrx_word' id='word_1_239' title='bbox 295 2985 450 3038; x_wconf 82' lang='lat' dir='ltr'><strong>numerato</strong></span> <span class='ocrx_word' id='word_1_240' title='bbox 470 2977 599 3059; x_wconf 81' lang='lat' dir='ltr'><strong>primum</strong></span> <span class='ocrx_word' id='word_1_241' title='bbox 617 2975 824 3058; x_wconf 78' lang='lat' dir='ltr'><strong>Olympiadem</strong></span> <span class='ocrx_word' id='word_1_242' title='bbox 850 2975 1035 3056; x_wconf 86' lang='lat' dir='ltr'><strong>institutam,</strong></span> <span class='ocrx_word' id='word_1_243' title='bbox 1062 2977 1150 3039; x_wconf 73' lang='lat' dir='ltr'><strong>iuxta</strong></span> 
     </span>
     <span class='ocr_line' id='line_1_31' title="bbox 68 3058 1149 3144; baseline 0.004 -22"><span class='ocrx_word' id='word_1_244' title='bbox 68 3058 141 3138; x_wconf 80' lang='lat' dir='ltr'><strong>ipsos</strong></span> <span class='ocrx_word' id='word_1_245' title='bbox 164 3061 310 3123; x_wconf 79' lang='lat' dir='ltr'><strong>Authoris</strong></span> <span class='ocrx_word' id='word_1_246' title='bbox 335 3062 467 3122; x_wconf 86' lang='lat' dir='ltr'><strong>calculos</strong></span> <span class='ocrx_word' id='word_1_247' title='bbox 493 3061 580 3121; x_wconf 86' lang='lat' dir='ltr'><strong>nullo</strong></span> <span class='ocrx_word' id='word_1_248' title='bbox 607 3063 726 3141; x_wconf 85' lang='lat' dir='ltr'><strong>negotio</strong></span> <span class='ocrx_word' id='word_1_249' title='bbox 751 3061 953 3122; x_wconf 79' lang='lat' dir='ltr'><strong>demonstrare</strong></span> <span class='ocrx_word' id='word_1_250' title='bbox 977 3083 1149 3144; x_wconf 85' lang='lat' dir='ltr'><strong>possumus.</strong></span> 
     </span>
     <span class='ocr_line' id='line_1_32' title="bbox 69 3141 1148 3228; baseline 0.007 -26"><span class='ocrx_word' id='word_1_251' title='bbox 69 3141 135 3206; x_wconf 81' lang='lat' dir='ltr'><strong>Nem</strong></span> <span class='ocrx_word' id='word_1_252' title='bbox 149 3167 221 3208; x_wconf 90' lang='lat' dir='ltr'><strong>cum</strong></span> <span class='ocrx_word' id='word_1_253' title='bbox 235 3146 302 3206; x_wconf 85' lang='lat' dir='ltr'><strong>Iros</strong></span> <span class='ocrx_word' id='word_1_254' title='bbox 314 3167 579 3227; x_wconf 86' lang='lat' dir='ltr'><strong>successorumque</strong></span> <span class='ocrx_word' id='word_1_255' title='bbox 591 3165 694 3226; x_wconf 78' lang='lat' dir='ltr'><strong>regum</strong></span> <span class='ocrx_word' id='word_1_256' title='bbox 709 3147 783 3208; x_wconf 86' lang='lat' dir='ltr'><strong>luds</strong></span> <span class='ocrx_word' id='word_1_257' title='bbox 793 3147 877 3226; x_wconf 82' lang='lat' dir='ltr'><strong>regni</strong></span> <span class='ocrx_word' id='word_1_258' title='bbox 889 3145 1087 3228; x_wconf 88' lang='lat' dir='ltr'><strong>principium,</strong></span> <span class='ocrx_word' id='word_1_259' title='bbox 1107 3147 1148 3210; x_wconf 92' lang='lat' dir='ltr'><strong>sd</strong></span> 
     </span>
     <span class='ocr_line' id='line_1_33' title="bbox 69 3230 1147 3312; baseline 0.007 -25"><span class='ocrx_word' id='word_1_260' title='bbox 69 3239 130 3292; x_wconf 83' lang='lat' dir='ltr'><strong>octo</strong></span> <span class='ocrx_word' id='word_1_261' title='bbox 143 3251 293 3294; x_wconf 77' lang='lat' dir='ltr'><strong>:unorum</strong></span> <span class='ocrx_word' id='word_1_262' title='bbox 302 3231 430 3312; x_wconf 87' lang='lat' dir='ltr'><strong>spatium</strong></span> <span class='ocrx_word' id='word_1_263' title='bbox 438 3230 595 3292; x_wconf 88' lang='lat' dir='ltr'><strong>Gotholise</strong></span> <span class='ocrx_word' id='word_1_264' title='bbox 606 3231 766 3312; x_wconf 90' lang='lat' dir='ltr'><strong>tyrsnnida</strong></span> <span class='ocrx_word' id='word_1_265' title='bbox 776 3241 944 3312; x_wconf 73' lang='lat' dir='ltr'><strong>prorogate,</strong></span> <span class='ocrx_word' id='word_1_266' title='bbox 952 3233 1147 3296; x_wconf 84' lang='lat' dir='ltr'><strong>submoverit:</strong></span> 
     </span>
     <span class='ocr_line' id='line_1_34' title="bbox 70 3315 1148 3398; baseline 0.004 -24"><span class='ocrx_word' id='word_1_267' title='bbox 70 3315 165 3377; x_wconf 89' lang='lat' dir='ltr'><strong>eodem</strong></span> <span class='ocrx_word' id='word_1_268' title='bbox 182 3316 364 3397; x_wconf 87' lang='lat' dir='ltr'><strong>superiorem</strong></span> <span class='ocrx_word' id='word_1_269' title='bbox 382 3318 415 3376; x_wconf 90' lang='lat' dir='ltr'><strong>in</strong></span> <span class='ocrx_word' id='word_1_270' title='bbox 430 3337 541 3378; x_wconf 88' lang='lat' dir='ltr'><strong>annum</strong></span> <span class='ocrx_word' id='word_1_271' title='bbox 551 3317 700 3397; x_wconf 66' lang='lat' dir='ltr'><strong>reposito:</strong></span> <span class='ocrx_word' id='word_1_272' title='bbox 723 3325 761 3378; x_wconf 87' lang='lat' dir='ltr'><strong>nt</strong></span> <span class='ocrx_word' id='word_1_273' title='bbox 773 3316 917 3398; x_wconf 77' lang='lat' dir='ltr'><strong>auspicati</strong></span> <span class='ocrx_word' id='word_1_274' title='bbox 929 3316 1050 3378; x_wconf 76' lang='lat' dir='ltr'><strong>Ararim</strong></span> <span class='ocrx_word' id='word_1_275' title='bbox 1063 3317 1148 3398; x_wconf 80' lang='lat' dir='ltr'><strong>regni</strong></span> 
     </span>
     <span class='ocr_line' id='line_1_35' title="bbox 70 3401 1148 3484; baseline 0.005 -25"><span class='ocrx_word' id='word_1_276' title='bbox 70 3401 179 3476; x_wconf 86' lang='lat' dir='ltr'><strong>primns</strong></span> <span class='ocrx_word' id='word_1_277' title='bbox 191 3421 285 3462; x_wconf 86' lang='lat' dir='ltr'><strong>annus</strong></span> <span class='ocrx_word' id='word_1_278' title='bbox 294 3402 331 3461; x_wconf 91' lang='lat' dir='ltr'><strong>sd</strong></span> <span class='ocrx_word' id='word_1_279' title='bbox 344 3401 449 3462; x_wconf 89' lang='lat' dir='ltr'><strong>mnndi</strong></span> <span class='ocrx_word' id='word_1_280' title='bbox 458 3402 551 3469; x_wconf 83' lang='grc'><strong>4681.</strong></span> <span class='ocrx_word' id='word_1_281' title='bbox 561 3401 715 3480; x_wconf 77' lang='lat' dir='ltr'><strong>devinciri,</strong></span> <span class='ocrx_word' id='word_1_282' title='bbox 726 3401 769 3462; x_wconf 92' lang='lat' dir='ltr'><strong>sic</strong></span> <span class='ocrx_word' id='word_1_283' title='bbox 779 3401 900 3482; x_wconf 88' lang='lat' dir='ltr'><strong>quintus</strong></span> <span class='ocrx_word' id='word_1_284' title='bbox 914 3421 1003 3484; x_wconf 81' lang='lat' dir='ltr'><strong>rupte</strong></span> <span class='ocrx_word' id='word_1_285' title='bbox 1017 3403 1148 3484; x_wconf 84' lang='lat' dir='ltr'><strong>qusdrs-</strong></span> 
     </span>
     <span class='ocr_line' id='line_1_36' title="bbox 71 3483 1148 3566; baseline 0.006 -22"><span class='ocrx_word' id='word_1_286' title='bbox 71 3486 205 3560; x_wconf 79' lang='lat' dir='ltr'><strong>gesimam</strong></span> <span class='ocrx_word' id='word_1_287' title='bbox 218 3485 325 3547; x_wconf 90' lang='lat' dir='ltr'><strong>mundi</strong></span> <span class='ocrx_word' id='word_1_288' title='bbox 341 3486 435 3554; x_wconf 75' lang='lat'><strong>4725.</strong></span> <span class='ocrx_word' id='word_1_289' title='bbox 451 3485 557 3548; x_wconf 86' lang='lat' dir='ltr'><strong>sociari</strong></span> <span class='ocrx_word' id='word_1_290' title='bbox 571 3487 695 3566; x_wconf 83' lang='lat' dir='ltr'><strong>expetit.</strong></span> <span class='ocrx_word' id='word_1_291' title='bbox 724 3487 768 3547; x_wconf 88' lang='lat' dir='ltr'><strong>De</strong></span> <span class='ocrx_word' id='word_1_292' title='bbox 779 3483 952 3548; x_wconf 89' lang='lat' dir='ltr'><strong>huiusmodi</strong></span> <span class='ocrx_word' id='word_1_293' title='bbox 964 3489 1148 3552; x_wconf 86' lang='lat' dir='ltr'><strong>correctione</strong></span> 
     </span>
     <span class='ocr_line' id='line_1_37' title="bbox 70 3569 993 3652; baseline 0 -20"><span class='ocrx_word' id='word_1_294' title='bbox 70 3584 166 3632; x_wconf 79' lang='lat' dir='ltr'><strong>mnus</strong></span> <span class='ocrx_word' id='word_1_295' title='bbox 179 3592 211 3632; x_wconf 86' lang='lat' dir='ltr'><strong>se</strong></span> <span class='ocrx_word' id='word_1_296' title='bbox 228 3569 334 3632; x_wconf 83' lang='lat' dir='ltr'><strong>offeret</strong></span> <span class='ocrx_word' id='word_1_297' title='bbox 346 3591 453 3634; x_wconf 88' lang='lat' dir='ltr'><strong>sermo.</strong></span> <span class='ocrx_word' id='word_1_298' title='bbox 495 3571 616 3631; x_wconf 89' lang='lat' dir='ltr'><strong>interim</strong></span> <span class='ocrx_word' id='word_1_299' title='bbox 631 3571 751 3634; x_wconf 82' lang='lat' dir='ltr'><strong>consule</strong></span> <span class='ocrx_word' id='word_1_300' title='bbox 768 3579 920 3652; x_wconf 79' lang='lat' dir='ltr'><strong>psg.197.</strong></span> <span class='ocrx_word' id='word_1_301' title='bbox 935 3573 971 3636; x_wconf 91' lang='grc' dir='ltr'><strong>Β.</strong></span> <span class='ocrx_word' id='word_1_302' title='bbox 990 3596 993 3604; x_wconf 90' lang='grc'><strong><em>·</em></strong></span> 
     </span>
    </p>

    <p class='ocr_par' dir='ltr' id='par_1_4' title="bbox 71 3649 1147 3992">
     <span class='ocr_line' id='line_1_38' title="bbox 143 3649 1147 3738; baseline -0.006 -18"><span class='ocrx_word' id='word_1_303' title='bbox 143 3653 279 3738; x_wconf 72' lang='grc' dir='ltr'><strong><em>Ἀζαρίοο</em></strong></span> <span class='ocrx_word' id='word_1_304' title='bbox 292 3653 325 3719; x_wconf 77' lang='grc' dir='ltr'><strong>δὲ</strong></span> <span class='ocrx_word' id='word_1_305' title='bbox 340 3654 482 3737; x_wconf 68' lang='grc' dir='ltr'><strong>βασιλέως</strong></span> <span class='ocrx_word' id='word_1_306' title='bbox 494 3649 592 3720; x_wconf 75' lang='grc' dir='ltr'><strong><em>Ἰούδα</em></strong></span> <span class='ocrx_word' id='word_1_307' title='bbox 605 3653 662 3720; x_wconf 75' lang='lat' dir='ltr'><strong>dre:</strong></span> <span class='ocrx_word' id='word_1_308' title='bbox 676 3651 745 3738; x_wconf 67' lang='lat' dir='ltr'><strong>ud]</strong></span> <span class='ocrx_word' id='word_1_309' title='bbox 767 3657 910 3720; x_wconf 77' lang='lat' dir='ltr'><strong>Autboris</strong></span> <span class='ocrx_word' id='word_1_310' title='bbox 923 3657 1013 3719; x_wconf 82' lang='lat' dir='ltr'><strong>verbe</strong></span> <span class='ocrx_word' id='word_1_311' title='bbox 1026 3675 1064 3716; x_wconf 81' lang='lat' dir='ltr'><strong>ex</strong></span> <span class='ocrx_word' id='word_1_312' title='bbox 1079 3674 1147 3736; x_wconf 81' lang='lat' dir='ltr'><strong>prg.</strong></span> 
     </span>
     <span class='ocr_line' id='line_1_39' title="bbox 73 3737 1146 3844; baseline -0.001 -45"><span class='ocrx_word' id='word_1_313' title='bbox 73 3737 136 3804; x_wconf 77' lang='grc'><strong>197.</strong></span> <span class='ocrx_word' id='word_1_314' title='bbox 156 3739 198 3803; x_wconf 73' lang='grc' dir='ltr'><strong>Β.</strong></span> <span class='ocrx_word' id='word_1_315' title='bbox 215 3760 313 3822; x_wconf 89' lang='lat' dir='ltr'><strong>nuper</strong></span> <span class='ocrx_word' id='word_1_316' title='bbox 332 3741 443 3818; x_wconf 86' lang='lat' dir='ltr'><strong>relata,</strong></span> <span class='ocrx_word' id='word_1_317' title='bbox 472 3759 606 3821; x_wconf 89' lang='lat' dir='ltr'><strong>quaeque</strong></span> <span class='ocrx_word' id='word_1_318' title='bbox 624 3740 659 3802; x_wconf 90' lang='lat' dir='ltr'><strong>in</strong></span> <span class='ocrx_word' id='word_1_319' title='bbox 677 3741 743 3822; x_wconf 88' lang='lat' dir='ltr'><strong>ipso</strong></span> <span class='ocrx_word' id='word_1_320' title='bbox 763 3743 869 3804; x_wconf 73' lang='lat' dir='ltr'><strong>Araris</strong></span> <span class='ocrx_word' id='word_1_321' title='bbox 887 3741 1042 3802; x_wconf 78' lang='lat' dir='ltr'><strong>disertiora</strong></span> <span class='ocrx_word' id='word_1_322' title='bbox 1059 3737 1146 3844; x_wconf 86' lang='lat' dir='ltr'><strong>ponit</strong></span> 
     </span>
     <span class='ocr_line' id='line_1_40' title="bbox 71 3821 1145 3908; baseline -0.002 -22"><span class='ocrx_word' id='word_1_323' title='bbox 71 3837 131 3900; x_wconf 69' lang='lat' dir='ltr'><strong>pig.</strong></span> <span class='ocrx_word' id='word_1_324' title='bbox 147 3831 218 3892; x_wconf 81' lang='grc'><strong>199.</strong></span> <span class='ocrx_word' id='word_1_325' title='bbox 232 3825 269 3890; x_wconf 92' lang='grc' dir='ltr'><strong>Β.</strong></span> <span class='ocrx_word' id='word_1_326' title='bbox 283 3824 518 3886; x_wconf 74' lang='lat' dir='ltr'><strong>emendationem</strong></span> <span class='ocrx_word' id='word_1_327' title='bbox 533 3825 654 3887; x_wconf 87' lang='lat' dir='ltr'><strong>firmant</strong></span> <span class='ocrx_word' id='word_1_328' title='bbox 667 3824 768 3908; x_wconf 70' lang='grc' dir='ltr'><strong><em>πρώτη</em></strong></span> <span class='ocrx_word' id='word_1_329' title='bbox 780 3821 957 3907; x_wconf 75' lang='grc' dir='ltr'><strong>Ὀλυμπιοῖς,</strong></span> <span class='ocrx_word' id='word_1_330' title='bbox 979 3823 1035 3902; x_wconf 85' lang='lat' dir='ltr'><strong>sit,</strong></span> <span class='ocrx_word' id='word_1_331' title='bbox 1055 3823 1145 3904; x_wconf 77' lang='grc' dir='ltr'><strong><em>ηρξοι-</em></strong></span> 
     </span>
     <span class='ocr_line' id='line_1_41' title="bbox 73 3899 1147 3992; baseline -0.004 -20"><span class='ocrx_word' id='word_1_332' title='bbox 73 3923 101 3964; x_wconf 66' lang='grc' dir='ltr'><strong>το</strong></span> <span class='ocrx_word' id='word_1_333' title='bbox 120 3907 176 3972; x_wconf 72' lang='grc' dir='ltr'><strong>ἔτει</strong></span> <span class='ocrx_word' id='word_1_334' title='bbox 195 3907 249 3988; x_wconf 78' lang='grc' dir='ltr'><strong>με’.</strong></span> <span class='ocrx_word' id='word_1_335' title='bbox 276 3909 384 3971; x_wconf 84' lang='lat' dir='ltr'><strong>Subdit</strong></span> <span class='ocrx_word' id='word_1_336' title='bbox 398 3909 531 3972; x_wconf 85' lang='lat' dir='ltr'><strong>ioatbsm</strong></span> <span class='ocrx_word' id='word_1_337' title='bbox 547 3911 637 3972; x_wconf 83' lang='lat' dir='ltr'><strong>Oriae</strong></span> <span class='ocrx_word' id='word_1_338' title='bbox 653 3911 710 3972; x_wconf 86' lang='lat' dir='ltr'><strong>filii</strong></span> <span class='ocrx_word' id='word_1_339' title='bbox 732 3931 810 3971; x_wconf 87' lang='lat' dir='ltr'><strong>anno</strong></span> <span class='ocrx_word' id='word_1_340' title='bbox 824 3911 937 3991; x_wconf 88' lang='lat' dir='ltr'><strong>primo:</strong></span> <span class='ocrx_word' id='word_1_341' title='bbox 959 3899 1036 3992; x_wconf 68' lang='grc' dir='ltr'><strong>ἆρχή</strong></span> <span class='ocrx_word' id='word_1_342' title='bbox 1046 3907 1147 3989; x_wconf 67' lang='grc' dir='ltr'><strong><em>τρίτης</em></strong></span> 
     </span>
    </p>
   </div>
   <div class='ocr_carea' id='block_1_3' title="bbox 72 3977 1147 4414">
    <p class='ocr_par' dir='ltr' id='par_1_5' title="bbox 72 3977 1145 4160">
     <span class='ocr_line' id='line_1_42' title="bbox 72 3977 1145 4076; baseline -0.001 -22"><span class='ocrx_word' id='word_1_343' title='bbox 72 3977 279 4076; x_wconf 78' lang='lat' dir='ltr'><strong>&#39;Oloprrsddoer</strong></span> <span class='ocrx_word' id='word_1_344' title='bbox 298 3994 433 4056; x_wconf 86' lang='lat' dir='ltr'><strong>issutem</strong></span> <span class='ocrx_word' id='word_1_345' title='bbox 446 4005 510 4058; x_wconf 86' lang='lat' dir='ltr'><strong>erat</strong></span> <span class='ocrx_word' id='word_1_346' title='bbox 519 3996 650 4076; x_wconf 77' lang='lat' dir='ltr'><strong>vulgaris</strong></span> <span class='ocrx_word' id='word_1_347' title='bbox 660 3996 767 4058; x_wconf 90' lang='lat' dir='ltr'><strong>mundi</strong></span> <span class='ocrx_word' id='word_1_348' title='bbox 780 3991 979 4061; x_wconf 70' lang='lat' dir='ltr'><strong>monstret.</strong></span> <span class='ocrx_word' id='word_1_349' title='bbox 995 4011 1053 4074; x_wconf 87' lang='lat' dir='ltr'><strong>qno</strong></span> <span class='ocrx_word' id='word_1_350' title='bbox 1066 3993 1145 4054; x_wconf 77' lang='lat' dir='ltr'><strong>tra-</strong></span> 
     </span>
     <span class='ocr_line' id='line_1_43' title="bbox 72 4071 962 4160; baseline 0.015 -32"><span class='ocrx_word' id='word_1_351' title='bbox 72 4071 127 4156; x_wconf 87' lang='lat' dir='ltr'><strong>ria,</strong></span> <span class='ocrx_word' id='word_1_352' title='bbox 146 4079 212 4139; x_wconf 85' lang='lat' dir='ltr'><strong>sire</strong></span> <span class='ocrx_word' id='word_1_353' title='bbox 224 4079 298 4138; x_wconf 86' lang='lat' dir='ltr'><strong>Ozia</strong></span> <span class='ocrx_word' id='word_1_354' title='bbox 309 4079 467 4156; x_wconf 87' lang='lat' dir='ltr'><strong>defuncto,</strong></span> <span class='ocrx_word' id='word_1_355' title='bbox 488 4080 620 4142; x_wconf 89' lang='lat' dir='ltr'><strong>losthsm</strong></span> <span class='ocrx_word' id='word_1_356' title='bbox 631 4101 753 4160; x_wconf 82' lang='lat' dir='ltr'><strong>regnum</strong></span> <span class='ocrx_word' id='word_1_357' title='bbox 771 4087 816 4140; x_wconf 90' lang='lat' dir='ltr'><strong>est</strong></span> <span class='ocrx_word' id='word_1_358' title='bbox 829 4079 962 4160; x_wconf 78' lang='lat' dir='ltr'><strong>adeptus.</strong></span> 
     </span>
    </p>

    <p class='ocr_par' dir='ltr' id='par_1_6' title="bbox 72 4157 1147 4414">
     <span class='ocr_line' id='line_1_44' title="bbox 148 4157 1144 4248; baseline -0.005 -22"><span class='ocrx_word' id='word_1_359' title='bbox 148 4159 217 4246; x_wconf 81' lang='lat' dir='ltr'><strong>de</strong></span> <span class='ocrx_word' id='word_1_360' title='bbox 234 4159 268 4244; x_wconf 66' lang='grc' dir='ltr'><strong>χ’.</strong></span> <span class='ocrx_word' id='word_1_361' title='bbox 287 4162 363 4227; x_wconf 73' lang='lat' dir='ltr'><strong>isoio</strong></span> <span class='ocrx_word' id='word_1_362' title='bbox 379 4169 436 4247; x_wconf 76' lang='grc' dir='ltr'><strong>τῆς</strong></span> <span class='ocrx_word' id='word_1_363' title='bbox 455 4161 489 4228; x_wconf 73' lang='lat' dir='ltr'><strong>dd</strong></span> <span class='ocrx_word' id='word_1_364' title='bbox 509 4160 630 4248; x_wconf 75' lang='grc' dir='ltr'><strong><em>ποῶτης</em></strong></span> <span class='ocrx_word' id='word_1_365' title='bbox 648 4158 875 4244; x_wconf 76' lang='grc' dir='ltr'><strong>Ὀλυμπιάδος.]</strong></span> <span class='ocrx_word' id='word_1_366' title='bbox 900 4159 1045 4222; x_wconf 81' lang='lat' dir='ltr'><strong>Hercules</strong></span> <span class='ocrx_word' id='word_1_367' title='bbox 1064 4157 1144 4222; x_wconf 86' lang='lat' dir='ltr'><strong>idem</strong></span> 
     </span>
     <span class='ocr_line' id='line_1_45' title="bbox 72 4243 1147 4328; baseline 0.002 -24"><span class='ocrx_word' id='word_1_368' title='bbox 72 4246 246 4327; x_wconf 81' lang='lat' dir='ltr'><strong>tenporibus</strong></span> <span class='ocrx_word' id='word_1_369' title='bbox 258 4249 345 4310; x_wconf 78' lang='lat' dir='ltr'><strong>valde</strong></span> <span class='ocrx_word' id='word_1_370' title='bbox 361 4249 472 4310; x_wconf 81' lang='lat' dir='ltr'><strong>disein&#39;s</strong></span> <span class='ocrx_word' id='word_1_371' title='bbox 485 4251 616 4311; x_wconf 77' lang='lat' dir='ltr'><strong>extitism</strong></span> <span class='ocrx_word' id='word_1_372' title='bbox 626 4251 755 4312; x_wconf 83' lang='lat' dir='ltr'><strong>refertur</strong></span> <span class='ocrx_word' id='word_1_373' title='bbox 768 4247 849 4328; x_wconf 86' lang='lat' dir='ltr'><strong>epud</strong></span> <span class='ocrx_word' id='word_1_374' title='bbox 861 4246 1034 4309; x_wconf 83' lang='lat' dir='ltr'><strong>Eusebium:</strong></span> <span class='ocrx_word' id='word_1_375' title='bbox 1050 4243 1147 4306; x_wconf 76' lang='lat' dir='ltr'><strong>Abra-</strong></span> 
     </span>
     <span class='ocr_line' id='line_1_46' title="bbox 72 4321 1146 4414; baseline 0.005 -24"><span class='ocrx_word' id='word_1_376' title='bbox 72 4321 131 4390; x_wconf 78' lang='lat' dir='ltr'><strong>bsm</strong></span> <span class='ocrx_word' id='word_1_377' title='bbox 145 4332 265 4414; x_wconf 86' lang='lat' dir='ltr'><strong>quidem</strong></span> <span class='ocrx_word' id='word_1_378' title='bbox 279 4353 358 4394; x_wconf 87' lang='lat' dir='ltr'><strong>anno</strong></span> <span class='ocrx_word' id='word_1_379' title='bbox 370 4333 442 4400; x_wconf 83' lang='grc'><strong>446.</strong></span> <span class='ocrx_word' id='word_1_380' title='bbox 470 4335 618 4394; x_wconf 66' lang='lat' dir='ltr'><strong>rurenses</strong></span> <span class='ocrx_word' id='word_1_381' title='bbox 627 4337 750 4414; x_wconf 85' lang='lat' dir='ltr'><strong>primus</strong></span> <span class='ocrx_word' id='word_1_382' title='bbox 760 4333 862 4412; x_wconf 76' lang='lat' dir='ltr'><strong>fertur</strong></span> <span class='ocrx_word' id='word_1_383' title='bbox 874 4331 1029 4412; x_wconf 78' lang='lat' dir='ltr'><strong>Antaeum</strong></span> <span class='ocrx_word' id='word_1_384' title='bbox 1045 4328 1146 4396; x_wconf 64' lang='lat' dir='ltr'><strong>ludos</strong></span> 
     </span>
    </p>
   </div>
   <div class='ocr_carea' id='block_1_4' title="bbox 0 0 1456 4714">
    <p class='ocr_par' dir='ltr' id='par_1_7' title="bbox 0 0 1456 4714">
     <span class='ocr_line' id='line_1_47' title="bbox 0 0 1456 4714; baseline 0 0"><span class='ocrx_word' id='word_1_385' title='bbox 0 0 1456 4714; x_wconf 95' lang='lat' dir='ltr'><strong> </strong></span> 
     </span>
    </p>
   </div>
  </div>
 </body>
</html>
