2888 4714
405 387 464 456 cr
486 384 836 494 nnnornnoncn
911 399 915 406 ·
1090 377 1165 456 ece

73 545 161 610 sen.
192 559 320 621 regnum
342 555 504 620 oaaecntc,⁴
522 545 561 606 ad
584 544 734 606 excidium
755 545 915 608 Troianum
938 552 969 606 et
990 544 1167 608 Teutamum

74 625 251 704 vigeaimum
270 637 302 688 et
319 631 479 710 septimum
501 649 618 708 regem,
640 631 694 689 cub
713 650 773 708 quo
795 631 942 694 Diodorua
971 628 1021 714 (ut
1035 639 1065 692 et
1078 633 1167 694 Enae-
1284 677 1288 682 -

70 711 145 792 bina)
171 712 291 772 cladem
305 713 389 774 illam
405 713 582 790 oooatituit,
602 733 749 793 nnaqnem
766 735 858 774 annea
879 717 963 776 mille
984 735 1164 778 numerave-

69 795 126 874 rit,
148 815 222 856 cum
245 798 404 858 'l'cutemua
419 799 471 858 ille
485 798 590 858 mundi
609 799 702 864 4124.
723 817 779 858 rex
796 799 962 861 declaratur
976 801 1167 882 Assyriorum

70 881 189 960 imperii
204 903 224 942 a
238 881 316 944 Nino
335 883 494 944 inateurati
511 885 591 943 coloe
606 885 678 948 853.
695 901 806 958 ennea,
827 893 858 942 et
869 905 886 940 o
901 883 972 942 Belo
990 887 1080 964 poaiti
1096 891 1167 953 909.

71 967 215 1044 attingntr
246 977 277 1025 et
298 967 348 1028 hic
368 977 541 1050 computna,
568 977 603 1026 ut
620 960 715 1046 Ml·
736 970 808 1032 942
830 967 863 1026 in
885 968 1073 1044 marginalem
1090 965 1166 1042 Μ’.
1183 974 1216 1030 V.
1231 970 1266 1030 43

69 1053 138 1116 909.
155 1059 328 1127 mutarem,
350 1072 397 1112 me
410 1053 549 1132 impolite
570 1051 626 1110 etei
639 1056 711 1118 909.
728 1051 813 1110 onnia
827 1050 977 1112 addendos
990 1054 1092 1129 leteer,
1114 1055 1168 1133 qrri

71 1135 249 1194 aTeutami
271 1137 424 1216 principio
445 1139 484 1197 ad
505 1136 686 1196 destructam
706 1155 801 1216 uaquc
824 1135 944 1196 Troiam
963 1135 1167 1200 decurrerunt.

72 1218 93 1278 li
104 1237 202 1296 porro
220 1230 291 1280 eunt
307 1221 357 1287 24.
379 1221 524 1302 (Teutomi
538 1239 667 1300 nomque
679 1219 742 1280 aire
757 1221 898 1280 'l'autnnic
913 1225 963 1287 26.
981 1221 1090 1280 allino
1103 1221 1168 1280 Ac·-

71 1303 225 1382 ayriornm
237 1304 331 1381 regia,
352 1308 399 1364 vel
416 1327 434 1364 a
449 1307 519 1366 Belo
536 1313 588 1372 27.
603 1325 681 1364 enno
697 1305 747 1371 26.
770 1305 890 1366 Troiam
912 1324 1042 1366 caeream
1058 1325 1167 1368 memo.

72 1397 114 1448 rat
127 1387 292 1468 Eueebinc)
316 1399 345 1450 et
362 1389 605 1468 praecedentibus
618 1395 690 1456 909.
704 1389 839 1450 adiuncti
851 1391 983 1452 reddunt
996 1392 1067 1456 988.
1083 1409 1168 1450 aum·

71 1492 156 1534 mem.
189 1473 518 1548 Quedrothicl’etneii
534 1475 671 1534 doctrine
688 1473 742 1538 lib.
764 1479 794 1542 9.
817 1495 882 1556 cap.
903 1475 953 1542 14.
985 1475 1021 1534 ln
1033 1475 1167 1536 Gracco.

72 1577 135 1618 rom
163 1559 373 1620 monumentie
397 1561 528 1640 legitur,
557 1559 747 1635 Teutonum,
782 1559 843 1622 eiee
869 1561 1049 1638 teutonem,
1078 1560 1168 1638 quia

72 1642 148 1702 Nino
170 1648 227 1712 26.
249 1653 441 1721 numeretur,
466 1645 582 1706 Priamo
600 1644 742 1704 adveuaua
764 1643 892 1704 Groecca
911 1643 1023 1705 auxilia
1046 1643 1167 1706 miaiaee.

73 1727 162 1800 Quod
184 1749 225 1786 ex
243 1727 376 1788 Diodoro
396 1729 525 1810 enmpait
546 1727 700 1788 Euaebiue.
744 1729 802 1788 Sed
823 1738 990 1807 temporum
1009 1728 1084 1786 relic
1106 1748 1169 1788 non

74 1813 143 1870 aetia
168 1821 298 1872 conatat.
340 1813 414 1874 llam
438 1815 553 1894 primun
575 1813 709 1872 Teutami
729 1833 825 1872 onnua
840 1812 873 1870 in
892 1811 1057 1872 Euoebinno
1075 1810 1168 1872 Chro.

73 1895 143 1954 nico
157 1895 267 1956 incidit
279 1897 312 1956 in
324 1917 437 1958 anuum
452 1899 488 1957 oh
505 1896 665 1960 Abrahomi
681 1908 751 1960 ortu
767 1901 838 1963 811.
853 1897 959 1974 quibae
974 1896 999 1954 ei
1015 1896 1065 1962 42.
1087 1897 1168 1973 Nini,

76 1981 128 2056 qui
144 1981 329 2041 Petrinrchnc
349 1984 476 2042 natalem
498 1984 692 2057 antecedunt,
713 1993 743 2042 ct
762 1981 825 2042 Beli
839 1983 889 2047 55.
903 1981 1071 2057 addideris,
1093 1988 1168 2038 con·v

77 2063 155 2120 {ient
173 2065 211 2122 ob
230 2065 312 2126 initio
331 2067 396 2128 Beli
417 2067 456 2127 ael
475 2067 647 2144 rigeaimnm
664 2067 802 2146 quintum
823 2066 973 2140 Teutoni,
996 2085 1056 2144 quc
1078 2064 1168 2124 Troia

80 2155 171 2226 capte
188 2160 379 2232 memoratur,
405 2152 477 2212 anni
496 2156 569 2218 882.
600 2151 754 2212 Caeterum
773 2151 812 2210 ed
831 2149 933 2226 Babil,
959 2149 1023 2210 eive
1042 2149 1165 2212 aeouudi
1180 2155 1210 2210 Ρ.
1228 2154 1264 2216 ll

78 2231 368 2378 Tentanicbtemporc
384 2237 536 2298 excidium
550 2237 655 2300 'lroiae
670 2236 826 2298 auhmovet
844 2233 975 2312 hother,
997 2235 1035 2297 de
1055 2253 1115 2314 quo
1135 2234 1169 2294 io

77 2320 212 2396 sequenti
236 2339 277 2379 ne.

160 2405 229 2484 Peg·
253 2410 322 2472 167.
342 2399 410 2470 hut
432 2403 679 2486 :inponent-roc]
709 2402 892 2464 Adveraator
915 2403 1031 2462 eihimet
1053 2401 1169 2466 huthor

79 2483 154 2548 inire
170 2495 316 2570 peg.172.
333 2491 367 2552 l).
384 2491 498 2551 cladem
513 2489 672 2550 Troienam
684 2489 715 2548 in
730 2487 892 2548 Menesthei
908 2487 1043 2548 ultimum
1058 2507 1170 2551 uncum
1212 2542 1218 2554 ,

81 2589 230 2634 revocans.
252 2575 284 2632 Si
299 2585 398 2634 temen
413 2571 447 2638 co*
460 2573 525 2650 ἐπὶ,
547 2594 602 2654 per
616 2570 708 2650 cord,
730 2571 791 2632 hcc
803 2581 863 2640 eat,
884 2591 1005 2645 emeno,
1028 2579 1168 2648 exponet,

82 2657 176 2718 unllne
196 2660 231 2720 in
249 2659 313 2719 eine
328 2659 416 2720 dictio
437 2658 609 2718 conflictura
630 2677 733 2718 verens
750 2655 828 2716 enim
844 2653 1076 2732 Demophoontia
1091 2661 1168 2715 tem-

82 2759 151 2819 pora
164 2755 235 2805 unte
249 2745 335 2822 regni
350 2745 412 2806 eice
425 2763 534 2802 annum
553 2743 684 2824 primum
700 2761 801 2802 everso
813 2749 859 2798 eet
874 2739 973 2798 Troia.

160 2828 517 2908 Kroulolnviclcnpcr]
534 2827 753 2906 Cephalionom,
768 2824 1010 2904 Cephalaeonem‚
1020 2819 1168 2900 etCepha.

84 2909 292 2991 locem,otnon
306 2913 432 2974 eundem
442 2913 532 2972 acribi
544 2912 656 2972 nemini
666 2911 789 2970 dubium
802 2930 865 2970 eece
879 2909 973 2982 debet,
987 2905 1169 2982 Κεφαλίωνα

86 2998 178 3059 acribit
192 2999 318 3060 Photiua
333 3007 363 3058 et
377 2998 579 3075 chulolmvc
593 2995 724 3056 aectione
736 3001 787 3061 70.
796 3000 904 3059 er161·
920 2999 956 3050 ut
969 2989 1019 3050 hic
1034 2988 1168 3050 Authore

86 3079 250 3160 Kepcilmvc
264 3085 378 3159 suidas,
391 3083 497 3142 Strabo
506 3081 556 3140 lib.
568 3085 615 3147 13.
626 3090 656 3138 et
669 3079 827 3158 llionyeiua
840 3078 1095 3137 Halicarnaaaaeua
1108 3076 1168 3134 Διι-

86 3163 132 3244 fiq.
145 3169 232 3230 Rom.
248 3169 301 3228 lib.
319 3174 346 3234 1.
360 3167 499 3247 quocirca
516 3166 660 3225 Strabone
676 3175 706 3224 ct
721 3165 862 3242 llicnyaio
876 3161 958 3221 hunc
972 3159 1169 3238 antiquiorem

86 3269 140 3310 noo
151 3253 255 3314 debuit
269 3253 374 3313 Snidee
386 3251 424 3312 ad
439 3251 562 3312 Adriani
578 3259 711 3328 temporo
728 3247 909 3312 anbmcverr.
931 3247 1029 3306 Pauca
1043 3242 1117 3304 hoec
1130 3261 1169 3304 ex

87 3333 188 3400 thano
197 3387 208 3416 ,
230 3339 355 3400 Allatiua
369 3339 431 3418 ipae
450 3337 539 3418 plora
552 3335 589 3394 do
603 3332 783 3414 Cephalione
795 3343 824 3392 et
839 3333 902 3392 eiua
921 3328 1057 3407 scriptia,
1079 3347 1170 3407 quem

87 3416 240 3503 lnioqpcp,
260 3422 312 3484 eccl
327 3417 369 3494 εἷς
388 3416 442 3500 onix
455 3420 474 3484 d
489 3415 602 3502 ccxciv,
626 3417 771 3498 opnacnlo
792 3416 828 3476 de
848 3415 943 3496 patria
959 3412 1079 3474 Homeri
1097 3432 1123 3471 c.
1140 3415 1169 3476 1.

89 3521 140 3580 qno
152 3528 227 3586 quoe
240 3507 277 3566 de
293 3505 473 3586 Cephalione
486 3507 519 3565 in
533 3505 595 3566 auia
608 3503 695 3564 Notio
712 3523 742 3584 p.
761 3503 832 3570 254.
845 3501 1050 3564 hallucinatur
1071 3495 1169 3560 Scali-

89 3607 133 3664 ger
145 3591 177 3654 iu
192 3593 292 3652 lucem
309 3590 489 3672 produntur.
699 3611 703 3624 ·

164 3677 228 3742 Kal
252 3681 315 3740 rein
337 3677 453 3740 temne
473 3675 517 3750 εἰς
537 3670 582 3759 ,c'.
603 3670 705 3754 leoin]
735 3672 812 3753 Lege
832 3667 884 3734 arel
904 3671 966 3732 mir
985 3667 1099 3730 λοιπῶν
1126 3661 1170 3736 εἶα

92 3753 164 3838 ,eil
199 3804 209 3822 .

163 3785 232 3924 hig.
255 3847 325 3912 168.
350 3841 385 3908 Ὅ
409 3841 510 3925 μέντοι
535 3835 684 3922 Εὐσέβιος
703 3841 810 3920 καίπερ
832 3829 1060 3920 πραγματείαν]
1087 3827 1178 3901 Hm.

95 3923 213 4010 Scaliger
233 3932 301 3992 Not.
322 3930 394 3996 254.
412 3939 442 3988 et
455 3946 520 4009 pag.
536 3933 566 3994 2.
579 3925 626 3986 hic
640 3925 759 4005 priore:
782 3933 812 3982 et
828 3921 971 4000 quaedam
985 3936 1023 3979 ex
1039 3931 1169 3993 aequen-

95 4007 161 4072 ll'bua
183 4015 292 4095 priorie
305 4013 366 4074 loci
379 4014 516 4074 columne
531 4009 658 4070 secunda
674 4008 821 4088 etpagina
835 4011 885 4071 67.
1038 4082 1045 4096 ·
1142 4081 1148 4096 ι

170 4104 219 4184 Tpi
233 4095 365 4182 Κάστορι
381 4103 493 4178 μᾶλλον
507 4087 742 4172 ἀκολουθήσας]
772 4091 847 4164 Quin
860 4088 913 4146 ille
933 4087 1062 4144 Castorea
1075 4089 1170 4142 veah-

96 4176 134 4250 εὖ·
154 4183 316 4264 aequntual
342 4183 503 4244 Emebine:
524 4179 684 4258 reapondet
698 4175 824 4236 hother.
855 4171 897 4230 At
913 4171 940 4229 ai
959 4171 1108 4264 captorem
1122 4185 1171 4228 ee-

96 4277 196 4337 qnntue
220 4269 364 4330 Eueehiuc
388 4268 420 4326 in
439 4265 511 4326 aolie
532 4265 653 4342 triginta
667 4279 719 4320 aex
741 4257 929 4336 haeyriorum
946 4252 1062 4332 regebus
1080 4253 1170 4314 colli.

97 4351 207 4432 lendin,
229 4373 288 4434 qua
306 4352 436 4424 ratione,
463 4369 522 4430 qun
545 4351 659 4422 fronte,
680 4343 788 4404 melem
808 4339 927 4404 Euaebii
947 4339 980 4400 ic
997 4339 1169 4402 Airicannna
