2860 4714
282 452 287 462 -
369 415 431 486 ur
452 415 805 488 annornmonns.
847 369 862 386 ’
1091 413 1168 492 ott

56 573 155 634 cuerit
176 568 354 654 quindecim
380 593 548 635 numerare.
590 575 669 636 Solis
693 577 919 657 quatuordecim
940 588 1085 642 oneratur
1106 603 1165 644 na·-

57 663 110 719 atri
127 667 233 719 textus
252 680 322 734 ora,
344 659 410 718 aliia
428 659 508 719 haud
527 660 616 720 dubie
630 662 662 720 iu
676 671 779 724 textus
798 665 931 726 eiusdem
945 683 1034 725 sensu
1047 667 1165 728 deside·

54 745 146 822 ratis,
166 746 272 804 indice
287 745 325 804 de
338 744 464 804 Librarii
480 747 599 806 delectu
611 747 766 808 Lectorem
780 751 957 810 admonente
965 794 974 826 ,
997 759 1026 810 et
1039 752 1077 812 ad
1091 775 1166 815 mar.

55 831 156 910 ginem
173 830 346 890 desiderata
359 839 550 910 reperturum
568 833 761 892 amandante:
782 834 892 895 Verum
911 837 1074 898 obliteratis
1091 838 1166 900 cba-
1211 829 1215 839 ’

54 917 225 976 racteribua
248 926 278 976 at
300 935 421 975 corrosa
446 917 618 977 membrana
643 917 811 997 potioribus
838 921 943 982 oculos
970 921 1165 1004 fugientibus,

54 1002 103 1064 vix
118 1001 183 1082 legi
202 1001 365 1082 quidquam
382 1011 499 1082 potest,
521 1011 573 1062 aut
587 1003 675 1062 etiam
688 1004 828 1084 opinione
843 1005 960 1069 coniici.

139 1114 357 1201 Εὖρεθήσεται
373 1117 392 1183 δ
407 1115 603 1185 Μαθουσᾶλα
615 1117 713 1208 ἢμθῖ
731 1121 805 1186 ἐτοῖν
817 1117 1015 1206 τελευτήσας]
1037 1123 1083 1184 Ex
1096 1145 1166 1206 pro.

55 1206 141 1286 pria,
166 1215 200 1264 et
215 1205 310 1285 ipsius
325 1205 445 1264 Eusebii
463 1209 618 1278 sententia,
643 1209 729 1268 ducit
744 1229 810 1268 eum
827 1207 951 1284 Author‚
975 1211 1056 1288 quod
1072 1212 1166 1288 aiunt,

53 1293 81 1350 in
92 1291 329 1350 incommodum
341 1291 495 1366 eiusmodi,
518 1303 552 1354 ut
566 1314 597 1353 se
610 1293 742 1375 propriis
756 1294 846 1354 armis
860 1293 1009 1354 conficiat.
1053 1295 1165 1356 Autbo.

53 1379 91 1438 ris
113 1375 244 1458 opinio,
259 1397 342 1458 -quae
365 1377 611 1452 communiam,
642 1378 808 1438 blatbusala
830 1380 953 1462 publico
973 1377 1064 1440 totiua
1086 1381 1167 1442 orbis
1204 1448 1208 1454 ⁴

52 1463 217 1540 naufragio
241 1461 363 1541 periisse
385 1464 490 1522 statuit
510 1483 589 1522 anno
611 1463 691 1523 vitae
707 1469 779 1530 969.
805 1486 821 1522 a
845 1465 950 1524 mnndi
971 1465 1164 1526 incunabulis
1254 1525 1258 1538 ,

52 1552 150 1614 2242.
174 1568 215 1606 ex
234 1568 294 1626 quo
311 1547 468 1606 Eusebium
486 1547 593 1608 diluvii
610 1549 725 1620 cladem
748 1549 857 1608 eodem
869 1571 948 1608 anno
971 1561 1166 1630 reponentem

52 1633 251 1713 paralogismi
277 1632 490 1710 convicturus,
520 1632 689 1692 blatbusala
713 1653 774 1692 non
798 1634 897 1714 plures
921 1639 993 1702 949.
1015 1637 1100 1696 annis
1119 1636 1165 1696 vi·

53 1721 131 1778 risse
154 1717 219 1777 hoc
235 1725 323 1798 pacto
340 1717 464 1796 colligit.
508 1715 801 1777 luteriitlllatbusala
824 1718 935 1777 diluvii
949 1718 1048 1796 aquia,
1070 1723 1096 1780 ai
1111 1741 1167 1802 pu.

53 1801 153 1862 blicae
171 1805 240 1862 roci
256 1803 426 1876 credimus,
448 1823 527 1862 anno
548 1805 644 1870 2242.
661 1813 690 1864 et
708 1803 852 1874 Eusebius
868 1804 933 1884 ipae
950 1805 1076 1864 fatetur:
1100 1807 1165 1866 Eu-

54 1889 157 1948 sebius
180 1899 280 1948 tamen
301 1889 410 1946 duc'em
429 1888 603 1948 Africanum
623 1889 654 1948 in
675 1889 827 1972 plerisque
848 1889 950 1949 laudat
966 1898 996 1948 et
1012 1891 1167 1970 aequitare

54 1975 221 2034 Africanus
242 1983 340 2032 autem
358 1973 468 2032 diluvii
485 1993 583 2034 casum
600 1973 638 2034 ad
656 1995 767 2034 annum
788 1981 881 2050 2262.
901 1975 1073 2035 submovet:
1102 1976 1164 2034 Eu·
1254 2043 1257 2047 ¹

55 2061 162 2119 sebius
180 2060 290 2138 igitur,
312 2059 376 2117 fixo
391 2059 429 2118 ad
445 2080 556 2119 annum
577 2061 682 2120 muudi
703 2065 795 2126 2242.
813 2060 945 2136 diluvio,
969 2059 1040 2120 totis
1057 2059 1165 2138 viginti

55 2145 163 2220 annia,
186 2145 217 2202 id
234 2154 278 2203 est
294 2144 366 2210 949.
381 2145 568 2204 solummodo
578 2189 588 2221 ,
608 2145 702 2206 vitam
718 2143 885 2205 Mathusala
905 2145 1051 2206 minorem
1070 2145 1165 2226 scrip.

55 2233 130 2312 sisae
158 2231 344 2289 declaratur.
387 2231 453 2304 Qua
483 2231 600 2290 ratione
629 2231 819 2312 propulsaret
846 2231 985 2290 iniuriam
1012 2229 1165 2308 Eusebius,

55 2337 117 2376 uon
144 2315 297 2394 ignotum.
343 2315 420 2374 Sane
442 2315 587 2393 Georgio‚
615 2335 683 2376 cum
710 2337 747 2376 ex
769 2338 819 2386 ea,
848 2337 938 2396 quam
959 2315 1024 2396 ipse
1044 2325 1164 2394 tuetur;

55 2409 120 2462 lum
145 2421 186 2462 ex
212 2400 369 2480 opposita,
399 2419 488 2480 quam
512 2400 700 2462 adversarius
729 2401 855 2460 sustinet
877 2399 1037 2482 opinione,
1063 2401 1166 2482 ipsura

56 2487 265 2546 adversarium
283 2485 422 2565 aggredi,
443 2485 610 2546 familiares
633 2486 714 2566 quod
735 2507 774 2546 an
787 2486 885 2566 plane
905 2485 1087 2566 legitimum,
1110 2489 1165 2547 de·

56 2571 144 2633 fanin
161 2593 279 2638 vereor.

147 2671 204 2739 Asi
216 2675 268 2736 sol
280 2677 395 2754 μᾶλλον
409 2669 448 2735 ἅν
463 2693 508 2744 τις
518 2673 563 2755 τῷ
576 2663 661 2751 proi]
682 2663 758 2751 pvo'.
771 2669 838 2730 vica
854 2663 926 2751 pvy‘.
937 2667 1164 2736 reatituendum.

58 2760 103 2818 Ut
123 2759 199 2818 enim
222 2757 390 2818 Mathusala
411 2763 483 2825 969.
506 2756 592 2814 annia
616 2765 704 2816 natus
727 2755 842 2816 diluvio
864 2755 1030 2830 interierit,
1061 2755 1167 2816 mundi

59 2847 155 2912 2242.
171 2843 278 2904 debuit
297 2844 380 2920 priua
397 2863 477 2902 anno
494 2845 584 2908 1273.
605 2840 637 2899 iu
654 2842 750 2900 luceru
766 2839 923 2919 prodiisse.
965 2837 1069 2898 Enoch
1092 2860 1165 2902 vero

59 2941 143 3009 pater
157 2929 221 2988 eius
236 2928 330 2988 solem
345 2928 474 3007 primum
490 2936 646 3006 aspexerat
663 2947 741 2986 anno
761 2932 852 2994 1t29.
871 2945 933 2985 uon
950 2925 1051 3005 potuit
1064 2926 1165 3006 itaqua
1202 2947 1205 2952 ·

61 3015 119 3072 alio
133 3034 221 3092 quam
234 3014 312 3072 vitae
327 3017 396 3080 151.
411 3012 509 3072 filium
523 3009 690 3072 Matbuaala
705 3031 875 3093 procreare.
906 3011 1034 3070 Textum
1046 3020 1165 3072 utrum·

60 3117 119 3178 que
132 3101 272 3158 Latinum
286 3119 323 3158 ac
336 3099 484 3158 Graecum
494 3096 610 3158 Author
625 3097 783 3160 conciliat:
806 3117 871 3172 nec,
884 3104 919 3156 ut
930 3095 1091 3156 Africanua
1104 3097 1165 3156 Ma·

61 3183 180 3244 tharala
193 3185 289 3244 eitam
304 3205 393 3264 supra
411 3183 559 3244 diluvium
574 3193 725 3264 prorogat,
746 3203 803 3242 nec
816 3180 1025 3242 difficultatem
1039 3181 1070 3240 in
1086 3184 1164 3262 Sep-

59 3271 195 3348 tuaginta
222 3269 422 3349 interpretum
446 3277 533 3330 textu
554 3279 763 3330 occurrentem
783 3268 822 3328 ad
844 3267 1008 3328 Hebraesm
1030 3267 1179 3344 litteram¹

61 3355 205 3444 confugio
223 3356 318 3424 vitat,
339 3358 389 3418 sed
403 3375 463 3436 quo
481 3355 617 3414 foedatus
639 3364 720 3430 erat,
744 3355 892 3414 Graecum
910 3362 1028 3412 textum
1049 3373 1164 3434 expur-

61 3453 108 3520 gat
123 3442 245 3504 mendo.
284 3439 352 3500 lloc
365 3440 507 3500 Autboris
521 3449 564 3500 est
578 3440 610 3499 in
626 3441 754 3500 Graecos
768 3439 954 3500 beneficium.
999 3437 1057 3512 Qui
1071 3458 1164 3518 porro

60 3527 118 3587 aiut
133 3545 285 3589 annorum
301 3527 417 3586 numeri
434 3526 465 3584 in
483 3525 575 3586 altera
595 3545 632 3586 ex
650 3525 747 3585 tribua
765 3525 873 3604 linguis
891 3523 1083 3602 integriores,
1111 3523 1165 3582 alii

62 3612 245 3674 discutiuntt
274 3611 350 3671 mibi
375 3632 464 3693 penes
484 3611 614 3672 Graecos
641 3611 878 3672 commendatum
902 3607 1067 3668 ⁴luthoretn
1089 3607 1163 3666 red·-

64 3699 129 3759 dere
140 3699 183 3758 sit
204 3697 289 3758 aatia.
333 3696 428 3758 liuius
445 3695 504 3757 loci
520 3697 694 3758 memoriam
712 3695 822 3756 babens
840 3693 1057 3756 erurtitisaimus
1075 3691 1164 3750 Peta-

63 3784 126 3844 vius
143 3783 196 3844 lib.
214 3789 243 3849 9.
260 3783 297 3842 de
319 3783 404 3843 Doct.
421 3783 522 3862 Temp.
539 3803 605 3862 cap.
622 3787 653 3849 8.
671 3781 805 3842 Africani
821 3789 950 3840 mentem
969 3777 1162 3856 exposituras

63 3874 170 3931 erroris
185 3868 349 3946 arguitio.
364 3868 569 3948 lnterpretum
580 3877 713 3928 textum:
735 3869 864 3947 seipsum
880 3858 1077 3924 nibilominus
1090 3879 1161 3918 con.

62 3955 157 4015 leatim
182 3955 337 4029 emendat,
366 3953 417 4014 ubi
442 3953 550 4012 diluvii
572 3974 651 4014 anno
675 3953 767 4019 2242.
788 3947 981 4030 consignandi
1002 3953 1163 4006 assertores

62 4059 231 4116 germanam
253 4049 283 4098 et
305 4059 323 4096 a
346 4042 396 4104 70.
414 4037 630 4120 luterpretibus
651 4045 828 4118 conceptam
847 4052 995 4096 annorum
1017 4049 1164 4092 aummam

1 4189 2 4202 ¹
61 4135 160 4186 maere
178 4124 372 4206 pronunciat.
438 4129 442 4137 '

143 4245 213 4324 rag.
228 4251 278 4312 21.
309 4233 406 4317 Οὗτος
419 4236 538 4305 ἅπαντα
550 4243 674 4306 πλείονα
687 4235 822 4324 χρόνοι]
843 4237 929 4299 Hanc
944 4233 1079 4296 Africani
1095 4253 1163 4294 asn-

60 4330 181 4390 teutiam
197 4331 331 4410 Scaliger
347 4328 473 4388 Eusebio
488 4349 645 4410 perperam
663 4328 794 4408 imputat
808 4345 874 4406 peg.
896 4323 927 4390 4.
942 4330 978 4382 ut
993 4331 1023 4381 et
1034 4339 1164 4400 sequen·

34 4454 41 4465 ·
61 4423 130 4477 lem.
151 4415 210 4482 alal
219 4423 302 4501 τρεῖς
315 4411 496 4496 epompio.
932 4457 936 4465 .
