2860 4714
378 371 440 440 ΕΤ
461 371 816 442 ANNOTA'I’IONES.
1025 394 1032 424 ⁶
1073 359 1151 441 ³63

53 527 116 608 «ξω
127 531 231 590 millia
251 533 400 590 monimo
413 532 593 592 Lunorium
610 521 784 612 domponara
798 549 896 592 carnea
909 530 1063 594 Arabicae
1077 534 1151 602 750.

50 621 186 698 praeciae.
231 616 357 678 Inutilea
378 627 448 676 aunt
464 617 537 676 anui
558 617 678 678 Arabici
697 617 750 678 ubi
772 617 921 678 Solarium
941 621 1149 681 tantummodo

53 705 84 763 fit
102 703 235 778 mentio,
260 703 328 780 qui,
350 701 392 760 ait
412 701 558 780 Georgius
574 699 628 778 cair
642 697 706 778 rga'.
721 699 834 784 ἡμέρας
847 707 903 766 τοῦ
917 701 1058 768 burred
1072 725 1150 766 con-

53 789 182 848 cludunt.
230 787 351 864 Qum-e,
374 786 468 861 addit,
491 798 549 846 aut
566 785 709 848 mendum
727 787 927 866 Librarum,
949 799 994 850 eat
1009 791 1150 870 Scaliger,

54 894 84 932 ac
103 872 291 934 humanitate
309 873 397 932 etiam
418 882 469 932 tua
487 872 627 950 dignum:
650 884 709 931 aut
727 865 878 954 α’ὶογιστία
897 885 957 952 era,
979 885 1060 936 certe
1079 886 1148 954 tua;

52 979 140 1040 quum
163 959 297 1036 colligat
317 977 414 1016 annea
435 957 556 1018 Solorea
574 964 637 1024 727
656 957 734 1018 illud
759 966 860 1016 tecum
879 958 963 1038 lego:
992 959 1056 1020 dier
1074 965 1149 1028 239.

52 1043 210 1122 Georgium
226 1044 295 1102 illua
313 1043 467 1122 ecripaiaae
482 1051 534 1102 aut
551 1042 705 1122 collegiaae
723 1041 841 1102 inficiae
856 1063 907 1104 eo:
929 1043 1051 1124 acripait
1069 1049 1149 1106 enirn

51 1129 200 1190 Librarius
222 1127 359 1187 breviato
377 1126 547 1194 charactera
570 1149 681 1186 menaea
703 1133 733 1194 6.
756 1138 784 1186 et
802 1127 868 1186 dica
886 1127 918 1194 4.
964 1129 1056 1190 Lucia
1075 1149 1148 1190 varo

51 1215 168 1274 maioria
194 1213 413 1292 comparandae
436 1213 532 1291 gratia
555 1215 679 1274 adverto
700 1233 831 1289 menaea,
860 1221 913 1272 aut
932 1213 1149 1294 τριακονθημὲ-
1182 1199 1193 1226 ⁸

51 1323 116 1380 ρους
139 1299 330 1358 Triceuarioa
346 1317 408 1358 aeae
422 1319 539 1378 aampar
557 1297 663 1378 plenoa
672 1343 681 1376 ,
704 1307 756 1360 aut
771 1299 895 1359 alternis
909 1299 1027 1359 vicibua
1044 1299 1149 1380 plener

51 1397 74 1443 et
89 1405 191 1446 cavoa.
235 1383 351 1442 Horum
367 1383 461 1442 millia
475 1403 583 1448 navem
600 1383 667 1460 (atii
680 1404 809 1462 namque
823 1405 841 1444 a
858 1403 972 1444 aumma
985 1385 1037 1445 hic
1047 1385 1148 1464 requi-

50 1471 98 1530 aita
112 1469 241 1529 omniuo
255 1478 325 1528 aunt
339 1468 441 1543 alieni)
461 1469 494 1528 in
510 1469 572 1527 diae
588 1467 835 1536 amoenantur
854 1479 968 1528 certum
983 1479 1042 1530 eat:
1064 1471 1149 1550 pleni

50 1557 160 1635 quippe
183 1573 299 1626 omnes,
312 1553 427 1613 dierum
451 1557 587 1621 270000.
609 1555 734 1630 exigunt
761 1573 912 1613 eumanum
936 1575 1027 1632 quara
1050 1559 1147 1622 4500.

48 1642 144 1721 pleni,
167 1649 199 1699 et
220 1639 287 1698 cavi
303 1639 427 1698 totidem
447 1639 638 1718 praemiacum
656 1639 791 1706 265500.
806 1637 941 1698 reddent.
985 1639 1053 1700 Diae
1072 1641 1148 1702 iatoa

9 1749 12 1760 ·
49 1729 69 1785 ai
91 1745 147 1806 par
167 1727 242 1792 365.
259 1724 463 1800 diatribueria‚
489 1724 561 1802 quid
581 1723 700 1784 facilius
720 1743 809 1802 quam
827 1743 973 1784 annorum
990 1731 1064 1790 727.
1081 1726 1148 1784 die-

49 1831 173 1890 namque
196 1809 267 1876 145.
291 1809 323 1868 id
335 1820 383 1868 eat
398 1808 542 1868 menaium
564 1809 657 1868 ferma
672 1809 820 1889 quinque,
840 1828 998 1870 numerum
1018 1809 1149 1888 colligar.

49 1895 83 1956 u
97 1896 160 1954 hoc
175 1904 221 1954 eat
243 1895 384 1958 mendum
399 1895 476 1954 illud
496 1894 680 1972 Librarium‚
702 1891 776 1954 haec
793 1887 964 1976 α’λογιστία,
987 1914 1063 1972 quaa
1077 1899 1149 1954 Sca-

48 1982 173 2059 ligerum
188 2001 204 2038 a
216 1979 370 2038 Solarihua
382 1980 419 2038 ad
435 1980 564 2040 Lunarea
577 1999 671 2040 annea
681 1988 887 2040 transeuntem
901 1979 1029 2058 impulit.
1074 1981 1150 2040 Gaa-

48 2077 146 2126 terum
161 2066 245 2145 quod
258 2065 295 2124 da
308 2065 463 2124 Lactantio
480 2065 512 2124 in
530 2065 676 2124 mansium
690 2066 919 2126 tricenarioruua
933 2066 1065 2125 favorem
1079 2063 1149 2124 aub-
1170 2077 1173 2083 ’

47 2153 123 2228 icit,
147 2149 229 2210 nihil
245 2170 328 2209 auam
346 2151 396 2210 vel
420 2150 540 2230 Georgii
561 2171 624 2210 rem
644 2151 744 2228 iuvat,
771 2151 854 2214 cuiue
872 2159 1014 2232 computo
1032 2169 1149 2212 menaea

48 2239 100 2298 aeli
114 2235 245 2296 alternis
259 2235 342 2313 plani
362 2245 392 2294 et
405 2236 471 2294 cari
489 2246 694 2314 agnoscuntur
709 2235 877 2296 naceaaurii.

126 2323 199 2396 Peg.
220 2323 268 2385 19.
292 2313 401 2402 Πρώτη
416 2320 595 2399 decertata]
619 2321 728 2397 Regum
742 2321 874 2398 ringulae
889 2321 1062 2401 Dynartiam
1077 2341 1150 2402 pro.

48 2409 139 2489 priam
148 2405 208 2465 eibi
216 2405 373 2464 vindicare
383 2405 516 2484 intellige
531 2425 568 2469 ax
579 2403 710 2464 Autbora
719 2405 943 2485 pag-cupariora
957 2407 1149 2468 cumulando.

121 2489 202 2570 Ἐτη
220 2483 415 2571 ψκᾶΜὸ]
436 2490 504 2550 Hoc
527 2501 570 2550 eat
590 2483 674 2568 abad.
694 2490 746 2553 aral
764 2485 876 2570 ἥμισυ,
898 2485 1149 2572 acld‘.r1‘uiouca

49 2595 65 2634 a
79 2575 217 2636 librario
236 2595 359 2634 emoneo
372 2576 501 2657 scripta,
524 2585 554 2634 et
568 2585 701 2636 errauter
713 2577 807 2653 magia
820 2595 836 2634 a
852 2575 1000 2654 Scaligero
1012 2569 1097 2654 «μηδ’.
1112 2569 1149 2638 δ’.

51 2680 119 2739 pag.
141 2670 242 2720 textus
260 2659 425 2720 Euaebiaui-
439 2667 469 2727 7.
491 2659 609 2722 reddita
626 2659 748 2722 alteriue
774 2660 807 2718 in
828 2679 896 2739 pag.
922 2659 1149 2739 praecedentem

50 2747 170 2804 admiaai
184 2765 283 2806 cauea.
326 2745 462 2824 Legenda
477 2755 577 2806 tamen
597 2745 658 2805 MS.
672 2765 785 2824 repono
802 2745 902 2824 itaqua
915 2739 995 2822 ψκῖ.
1015 2738 1103 2808 ud.
1115 2743 1149 2806 id

51 2841 93 2890 eat
107 2824 191 2909 ψιξ.
206 2827 281 2910 parri
294 2827 443 2910 ἡμίσεως,
464 2830 517 2902 aul
538 2834 690 2912 aaoaopoia
708 2827 840 2911 ἡμερῶν.
884 2828 1037 2910 Perpenda
1060 2839 1149 2892 uotae

51 2917 231 2995 penultimae
253 2925 284 2976 et
303 2915 465 2995 auperioria
481 2916 601 2976 alteriue
621 2916 778 2992 minutiae,
805 2913 915 2996 quibua
931 2915 1052 2975 tandem
1069 2908 1150 2996 ψκῖ.

51 2995 316 3082 wippe'uipepoiv
330 3001 487 3080 legendum
499 3001 680 3063 admoneria.
924 3019 927 3031 '

94 3107 97 3110 ·
125 3083 231 3160 Ἥλιος
252 3085 418 3162 Ἡφαίστου
438 3087 488 3167 ἔτη
508 3081 578 3165 ard]
592 3083 667 3167 Ἔπη
687 3079 736 3162 of.
758 3083 863 3146 lubana
882 3082 1102 3144 substituerem.
1119 3091 1149 3152 1.

53 3172 131 3250 quod
153 3192 251 3230 annor
273 3177 323 3236 77.
343 3172 493 3252 Excerpta
510 3172 614 3232 Latina
633 3170 776 3251 scaligeri
791 3191 829 3230 ex
850 3167 898 3230 hia
915 3169 987 3229 olim
1003 3171 1150 3231 traualata

52 3255 290 3336 exhibeantpag.
305 3260 356 3322 60.
372 3263 401 3324 2.
418 3259 487 3336 quia
502 3277 571 3318 cum
585 3277 703 3335 regum,
725 3258 789 3318 aine
807 3256 935 3314 Deorum
947 3275 1001 3314 aex
1015 3255 1150 3318 Vulcano

51 3343 252 3421 portariorum
269 3342 340 3400 anui
356 3343 487 3402 Lunares
509 3343 571 3402 aiut
587 3346 680 3410 2988.
696 3362 734 3418 aar
750 3340 912 3402 ohservatia
932 3349 1004 3400 nota
1023 3361 1183 3420 praece·-e

52 3427 138 3488 dente
157 3427 190 3492 4·
206 3427 240 3486 id
254 3435 299 3486 eat
314 3428 385 3486 anni
402 3427 549 3488 duntaxat
570 3431 641 3496 241.
658 3427 722 3488 dier
744 3431 815 3494 181.
859 3424 921 3486 Soli
938 3425 1065 3486 Vulcani
1085 3427 1151 3488 lilio

53 3516 134 3572 annia
156 3517 209 3579 86.
227 3511 398 3586 attributia3
427 3511 488 3574 eiua
509 3523 539 3572 et
556 3513 780 3572 auccedentium
801 3519 931 3590 quatuor
947 3512 1074 3570 Deorum
1088 3513 1150 3589 (in.

52 3600 236 3658 nominatum
256 3597 340 3658 cuiue
363 3607 481 3678 tempua
502 3595 690 3675 incognitum
708 3597 873 3677 praetereo)
896 3595 935 3656 ad
949 3599 1019 3665 247.
1038 3605 1068 3656 at
1082 3617 1148 3655 am·

53 3683 128 3761 pliua
148 3683 312 3743 mandere
331 3683 395 3742 ecla
410 3683 587 3743 numerandi
606 3683 684 3742 ratio
705 3683 845 3742 declarat.
888 3681 1103 3758 Annia-iraque
1116 3685 1147 3745 9.
1164 3683 1232 3740 Μ

55 3769 125 3828 Solia
147 3789 241 3846 regno
257 3787 295 3827 ex
310 3769 420 3828 vetusti
435 3769 533 3828 Latini
553 3771 652 3828 textua
665 3767 847 3828 authoritate
863 3764 1026 3841 detractio,
1053 3773 1082 3822 et
1097 3769 1150 3830 77.

52 3856 182 3930 relictio,
204 3853 232 3914 ai
249 3851 516 3930 Agathodaemonia
537 3855 586 3919 56,
605 3873 673 3912 cum
691 3853 809 3928 madio,
831 3859 860 3910 et
882 3851 944 3910 diea
962 3854 1012 3915 10.
1028 3851 1150 3912 Saturni

53 3939 102 4003 40.
119 3961 187 4000 cum
202 3939 314 4014 medio,
328 3939 455 4000 Oairidia
468 3941 520 4005 35.
534 3937 688 4018 Typhonia
703 3943 754 4004 29.
768 3935 951 4006 adiunxerit,
972 3953 1009 3992 ex
1023 3932 1151 3994 collecta

53 4025 159 4084 exinde
177 4045 325 4084 annorum
345 4028 416 4089 238.
432 4033 462 4084 et
481 4025 597 4084 dierum
617 4029 665 4089 10.
680 4043 812 4100 aumma,
836 4022 897 4079 lieo
916 4037 1063 4097 anonyma
1085 4017 1150 4089 (eu.

53 4106 98 4168 iua
122 4131 231 4170 nomen
247 4105 437 4170 Ptoliarchua
458 4109 490 4169 in
508 4109 666 4188 Excerptia
686 4109 801 4168 Latinio
821 4103 1016 4186 exprimitur)
1032 4101 1104 4162 anni
1118 4107 1150 4170 3.

53 4203 81 4252 et
94 4195 158 4254 diea
175 4201 247 4261 171.
264 4196 416 4272 regnaudo
431 4193 505 4255 fient
517 4195 637 4274 reliqui.
941 4231 944 4237 ·

134 4274 365 4362 'rayeaotetpoo
387 4278 437 4384 drap
458 4273 512 4350 oc'.
530 4279 582 4342 aet
603 4275 714 4358 ἥμισυ,
735 4273 788 4338 eat
806 4269 921 4355 ἡμέρας
939 4269 1032 4353 diam]
1054 4269 1151 4334 Habet

51 4361 114 4427 hlS.
133 4359 255 4445 Len-aei.
277 4361 371 4445 ἥμισυ
390 4387 444 4428 aaa.
469 4385 545 4446 quaa
566 4363 722 4424 emendate
739 4369 771 4421 et
792 4379 923 4444 axpauae
937 4359 1003 4440 lego
1017 4358 1067 4440 lan
1082 4381 1153 4423 arav-
1192 4405 1197 4410 .

122 4465 222 4536 Gearg.
239 4465 380 4535 §mattae
395 4463 431 4517 ΙΙ.
