2888 4714
403 355 464 424 ET
483 352 836 434 ANNOTATIONES.
1094 345 1171 424 4'16

77 521 148 585 992.
171 515 327 579 victorum
340 513 420 576 anim
440 513 562 576 nomina
579 515 693 594 primo,
715 511 908 596 olympiadae
930 533 1003 576 vero
1027 531 1090 575 non
1108 513 1172 575 nini

80 609 183 680 quarto
211 601 401 682 complentur
413 621 502 660 enno.
545 599 626 660 Haec
640 621 731 680 porro
753 601 790 660 de
805 600 983 662 Stadionicia
1002 599 1115 660 mentio
1133 619 1172 663 ex

73 687 236 764 Africano,
259 688 298 746 ad
317 687 403 746 cuiue
417 694 552 765 tempora
570 684 643 750 248.
679 685 865 746 Stadionicae
884 694 1095 762 excurrerant,
1117 684 1172 745 de-

73 781 218 851 promptu
232 780 369 834 testatur.
404 769 475 830 Eine
488 777 601 846 eutem,
621 769 672 829 rel
686 789 900 848 nonnunquam
912 771 1039 847 Eusebii,
1062 771 1173 832 codici·

72 856 129 915 bna
151 857 275 917 Author
294 854 439 933 Georgius
461 874 548 930 usur,
570 855 659 914 modo
681 853 791 928 huiua,
812 854 903 914 modo
929 855 1010 914 illiue
1032 877 1172 918 numeror

74 941 253 1020 imprudens
267 941 468 1002 exscribebate
489 937 571 998 unde
586 939 624 998 ad
640 939 757 998 Eueebii
773 957 866 998 nnnoa
886 939 922 996 ab
942 948 1084 1000 autumno
1105 961 1173 1000 nu-

72 1027 221 1087 merentie
237 1036 384 1100 mentem,
408 1025 563 1105 Olympiae
580 1024 677 1104 prima
692 1023 834 1104 Aeschyli
856 1024 985 1082 necundo
1005 1041 1083 1082 enno
1103 1035 1173 1086 ter-

73 1113 208 1186 minato,
230 1111 333 1172 etalio
353 1109 475 1170 ineunte
489 1119 615 1170 aeserta:
638 1109 728 1170 modo
744 1129 782 1170 ex
794 1107 929 1168 Africani
944 1108 1069 1166 coneilio
1082 1129 1171 1168 mun-

32 1193 36 1198 ’
74 1197 103 1255 di
122 1198 226 1264 4721.
243 1205 273 1254 et
295 1195 383 1255 Oziae
398 1198 450 1262 39.
470 1195 613 1274 ascripta:
637 1195 780 1254 mendoso
803 1213 909 1256 mutus
930 1193 1084 1254 obaervato
1108 1193 1171 1252 cal-

73 1281 160 1358 culo,
184 1301 249 1361 quo
264 1299 365 1341 caerae
376 1280 500 1360 paginae
512 1277 700 1340 Genearclrae
713 1281 850 1360 propriae
866 1287 974 1352 aetates
988 1277 1074 1338 annia
1088 1297 1173 1338 mun·

74 1365 104 1426 di
121 1387 189 1426 uno
209 1385 298 1444 quam
312 1385 367 1444 per
382 1365 420 1424 cit
443 1385 521 1424 anuo
536 1365 624 1424 citius
636 1364 740 1424 affixus
752 1373 927 1438 numerant,
949 1363 1049 1424 eadem
1064 1362 1172 1441 Olym-

73 1450 137 1529 piae
156 1451 195 1510 in
210 1449 317 1510 mundi
339 1450 433 1516 4725.
449 1449 573 1510 reiectae
596 1449 646 1508 cui
664 1449 787 1508 adiectis
803 1453 874 1516 992.
888 1458 1022 1508 extentae
1037 1447 1070 1508 iu
1084 1456 1173 1508 textu

75 1537 172 1608 6717.
191 1554 338 1595 annorum
351 1553 465 1594 summa
480 1533 639 1612 colligitur.
682 1533 822 1612 Adeoque
842 1552 906 1592 non
925 1533 1015 1592 unius
1034 1530 1171 1608 librarii,

76 1620 128 1678 ced
152 1618 255 1699 ipeiur
274 1637 491 1698 nonnunquam
506 1618 665 1694 Authcrie,
689 1619 741 1697 qui
762 1626 943 1694 occurrunt,
963 1617 1086 1698 proprii,
1102 1625 1173 1678 eunt

75 1723 211 1780 errores,
235 1724 252 1762 a
266 1701 375 1783 quibua
387 1725 419 1763 ea
436 1703 623 1764 solummodo
641 1703 775 1779 ratione,
796 1701 877 1782 quod
898 1721 974 1784 opua
985 1721 1048 1762 non
1062 1702 1173 1780 relege-

76 1789 135 1866 rit,
158 1790 210 1849 vel
224 1788 423 1864 recensuerit,
449 1787 523 1848 mihi
538 1787 736 1848 vindicandae
753 1787 914 1850 videbitur.

163 1867 315 1954 Εὐσέβιος
329 1869 362 1935 dl
374 1869 430 1952 niv
442 1867 565 1955 nonime
580 1867 795 1952 Ὀλυμπιάδι]
820 1871 946 1932 Subtilia
964 1879 994 1932 et
1014 1878 1172 1930 recuratur

77 1955 228 2017 duthoria
247 1960 285 2018 de
307 1957 434 2019 Eueebio
457 1957 605 2038 loquentis
626 1977 733 2020 earmo.
776 1957 907 2026 Primae,
926 1955 1041 2036 inquit,
1064 1956 1172 2034 Olym.

80 2041 184 2120 piadia
197 2045 321 2120 epatium
337 2051 467 2121 quatuor
484 2042 634 2102 continuio
649 2042 735 2101 annia
750 2043 964 2117 emetiendum,
984 2041 1056 2100 licet
1075 2041 1174 2100 Euae·

82 2125 154 2183 biua
169 2124 257 2185 Oziee
269 2127 320 2195 49.
335 2127 385 2188 vel
398 2137 434 2186 ut
445 2127 531 2208 ponit
545 2127 674 2205 Scaliger
687 2129 736 2194 50.
761 2126 882 2190 initium
905 2126 1027 2186 duxieaa
1043 2125 1173 2204 ecripae-

81 2209 141 2270 rite
163 2210 256 2290 ipram
270 2221 370 2272 tamen
384 2212 591 2293 Olympiadem
605 2211 799 2292 quadriennio
820 2211 1026 2292 complendam
1048 2210 1127 2288 cogit
1144 2219 1174 2270 et

82 2293 200 2354 claudit
219 2295 342 2356 loathan
363 2317 441 2357 enno
459 2297 568 2377 primo.
615 2295 695 2356 Hinc
712 2296 776 2374 ipee
795 2297 919 2356 Latinus
934 2295 1077 2356 Eusebiua
1094 2316 1173 2356 anno

82 2378 244 2440 Abrahami
258 2383 350 2448 1240.
364 2403 423 2462 quo
438 2383 564 2462 primam
577 2381 659 2440 locat
675 2379 900 2458 Olympiademe
921 2375 1019 2440 Porro
1035 2401 1100 2457 noo,
1121 2381 1173 2456 eit,
1266 2407 1273 2420 ·

81 2467 115 2523 in
128 2468 239 2545 prim
257 2465 437 2546 Olympiade
458 2466 590 2527 Iootlaun
599 2466 777 2544 posuimus:
796 2463 831 2523 id
848 2473 909 2541 eet,
929 2464 1008 2524 intra
1028 2463 1175 2542 Olympi-

85 2569 135 2608 cae
150 2552 359 2612 temneteridoe
382 2572 514 2612 carcereo
534 2550 719 2614 inducimur.
761 2547 852 2620 Quod
874 2548 1018 2610 Eusebius
1038 2548 1075 2607 de
1094 2547 1174 2605 Afri-

85 2655 159 2694 cano
173 2636 282 2696 scribit
300 2635 475 2698 huiuamodi
496 2645 550 2696 eat.
598 2636 740 2694 Primam
768 2631 978 2712 Olympiadem
1003 2633 1175 2711 Africanae

86 2721 271 2801 temporibua
298 2721 428 2782 Ioathan
447 2724 529 2801 regie
548 2719 757 2780 Hebraeorum
767 2720 875 2794 feriere
895 2717 1010 2778 scribit.
1060 2717 1176 2776 Nostra

85 2827 206 2887 quoque
221 2809 401 2886 eupputatio
415 2804 524 2865 medem
538 2803 721 2886 temporibus
734 2824 801 2862 eam
811 2801 954 2865 exhibuit.
995 2800 1111 2860 Horum
1126 2820 1175 2859 oc-

85 2893 203 2952 cuaione
216 2891 346 2970 Scaliger
358 2891 426 2954 Not.
439 2911 504 2972 pag.
522 2891 572 2958 64.
604 2889 636 2949 si
652 2889 811 2950 Africanus
824 2888 953 2968 primum
968 2885 1176 2967 Olympiadem

86 2971 952 3138 ttttttuitmettttt¹¹ttltlttlltlttlt
965 2971 1176 3118 illidii
1254 2999 1261 3008 ’

88 3145 259 3226 expostulat
279 3145 431 3224 Georgius.
473 3081 564 3220 {itud
584 3145 610 3204 ai
629 3143 825 3204 concedamus
845 3079 943 3224 1primo
958 3141 1083 3202 loatlrrn
1097 3161 1176 3202 anno

88 3229 299 3313 Olympiadem
312 3231 440 3312 primum
455 3232 604 3290 conlatam
618 3249 681 3290 eaee
697 3228 733 3287 ub
746 3227 905 3306 Africano,
926 3246 1017 3308 quare
1030 3227 1176 3288 Eusebiae

88 3313 177 3393 dicit3
199 3325 306 3376 noetra
327 3337 446 3396 quoque
463 3317 642 3396 eupputotio
669 3311 774 3373 iisdem
798 3313 980 3394 temporihue
1000 3333 1068 3372 eam
1089 3311 1178 3372 erlei-

89 3398 178 3461 bute?
206 3401 328 3462 Falsum
347 3402 425 3460 onim
447 3401 484 3461 ab
503 3399 632 3462 Eusebio
653 3419 717 3460 eum
739 3397 836 3480 primo
858 3419 936 3458 anno
954 3397 1081 3458 Ioathan
1098 3397 1177 3458 acei-

88 3485 851 3652 tttntttutdllut’ttttpttffttttt?
858 3527 866 3544 '
888 3504 971 3630 tlt
983 3503 1177 3648 illepidi

89 3655 344 3717 menileatiaeimae
363 3653 627 3734 hallucinationes,
650 3673 742 3735 quum
762 3653 886 3715 lorthan
904 3676 960 3736 pro
979 3651 1079 3714 Achae
1095 3649 1176 3730 apud

90 3738 263 3802 Alricmum
281 3739 370 3820 legit,
391 3750 421 3800 et
435 3759 504 3801 cum
520 3741 595 3801 dicit
615 3759 646 3801 ee
661 3761 739 3800 enno
759 3741 856 3820 primo
871 3739 995 3800 loathan
1018 3733 1176 3815 Olympia-

92 3823 155 3886 dem
169 3825 321 3907 potuine,
342 3845 418 3906 quae
430 3827 529 3908 posita
542 3835 587 3886 eet
597 3826 649 3893 60.
665 3825 798 3886 Aaariae.
838 3825 913 3900 Quin
929 3817 1099 3904 eiloyroeler
1112 3839 1176 3880 non

92 3911 236 3974 miretur?
259 3911 341 3970 Haeo
353 3911 474 3972 Eueebii
485 3911 600 3972 vindex
613 3911 751 3990 Scaliger.

177 3999 238 4060 Τοῦ
252 3993 285 4058 di
296 3989 411 4076 κόσμον
425 3991 535 4080 egee]
550 3997 624 4056 Cum
638 3996 745 4056 ultimo
752 3989 944 4072 Sardanapali
955 4009 1033 4050 anno
1043 3989 1078 4050 in
1088 4007 1175 4049 mun.

94 4073 229 4224 ιᾱ1ξ4676.
243 4079 395 4232 inei6dente
406 4101 545 4165 praesens
560 4081 653 4150 4676.
670 4077 903 4162 componendae.
945 4073 1099 4136 videndun
1114 4073 1176 4135 An·
1197 4123 1199 4129 ,

124 4187 160 4230 or
197 4187 213 4223 e
235 4169 294 4232 Ι16
318 4166 371 4229 .C.

172 4184 242 4329 ing.
264 4253 337 4318 198.
357 4252 485 4330 Διοίκης
500 4249 550 4330 ἔτη
562 4244 635 4329 eet]
657 4241 793 4328 Δηῖόκης
808 4243 847 4305 ad
860 4243 959 4305 Latini
972 4243 1092 4307 Eusebii
1103 4265 1180 4307 nor-

94 4347 167 4396 mcm
187 4333 309 4418 reponit
324 4336 469 4416 Scaliger,
491 4330 544 4398 te.
563 4343 662 4396 eutem
681 4333 747 4395 vice
765 4321 821 4396 vd.
840 4329 1019 4396 scribentem
1039 4330 1107 4394 laici
1125 4352 1179 4393 ar·
1222 4399 1230 4409 g
