2960 4716
483 363 782 438 DlSSERTATIO.
1140 365 1188 436 21

85 528 142 608 gisa
154 524 284 588 Eusebio
300 525 435 604 mouit,
457 547 521 586 non
534 527 711 602 camillam,
732 527 929 588 Mathusalsm
942 523 1116 609 ὑπερβῆναι
1138 525 1187 592 siv

84 607 298 691 maelucpdv5
330 621 362 670 et
384 613 420 670 in
444 613 637 692 sequentihus
651 613 737 672 lineis
751 633 817 694 pag.
842 621 891 680 20.
917 614 1062 690 Georgius
1087 615 1187 674 solum

82 707 178 756 oontn
201 697 330 756 brevius
351 697 436 756 vitas
457 697 585 776 spatium
602 707 734 778 pugnat,
756 698 837 778 quod
854 697 1034 758 Mathusalae
1048 698 1187 758 tribuen..

81 781 149 841 duna
164 801 228 842 esse
242 781 389 841 nonnulli
412 781 596 861 putaverint.
639 784 792 844 Praeterea
807 803 876 864 pag.
893 791 943 850 20.
959 787 1052 844 πᾶσιν
1076 781 1186 863 ὁμολο-

81 859 226 947 rotperto
242 866 322 942 ἔστι,
347 863 441 945 apud
453 887 552 924 omnes
559 888 618 946 pro
633 869 768 943 confisae
783 867 926 944 hadmar,
947 866 1139 928 Mathusalanr
1155 877 1186 930 et

80 951 282 1029 longissimam
297 970 374 1032 prae
387 951 512 1030 reliquis
523 950 694 1012 hominibus
706 953 798 1013 vitam
806 953 951 1034 peregisse
968 965 1004 1010 es
1019 951 1043 1010 d
1047 955 1060 1009 ι’
1069 953 1084 1008 l
1089 956 1182 1014 uuio

13 1065 15 1144 l
77 1034 1184 1199 ttttt'ttltlttttl'tt'ttttt⁸¹l²2t⁷¹²‘t.tl·12lt³¹t.tt

13 1157 14 1200 l
217 1169 231 1197 a
867 1167 875 1198 s

13 1217 15 1274 l
82 1225 155 1264 esse:
167 1205 240 1266 huic
248 1225 379 1284 namque
390 1209 453 1272 969
463 1205 534 1264 anni
543 1206 622 1266 vitae
632 1205 814 1266 Mathusalae
825 1206 979 1266 coniuncti
990 1206 1182 1266 redductan.

81 1311 155 1350 uum
162 1290 213 1350 bia
228 1290 416 1350 millesimum
429 1289 661 1350 ducentesimum
674 1291 930 1370 quadragesimum
946 1290 1125 1368 secundum,
1147 1291 1182 1352 in

81 1393 172 1454 quem
183 1394 296 1434 anuum
304 1375 450 1434 diarium
461 1395 581 1454 quoque
591 1377 730 1451 incurrit,
742 1397 800 1456 quo
808 1376 973 1436 Mathusala
985 1373 1119 1434 sublatus
1128 1385 1180 1440 eat.

164 1459 240 1517 Dein
258 1479 325 1540 pag.
348 1467 400 1526 22.
424 1459 459 1519 Β.
486 1460 609 1539 legitur:
637 1463 750 1536 „Anno
774 1459 1037 1528 esseminant·
1063 1460 1146 1519 obiit.
1155 1461 1176 1494 “

13 1521 15 1604 i
81 1541 167 1603 Ordo
192 1563 386 1604 numerorum
407 1543 535 1623 probat,
563 1543 712 1604 hocloco
734 1565 864 1608 errorem
885 1547 997 1606 scribae
1016 1565 1078 1604 non
1100 1565 1176 1622 esse,

13 1621 14 1648 ¹
80 1629 225 1707 Georgius
244 1649 332 1700 vero,
354 1629 470 1690 fontem
490 1630 625 1690 indicare
641 1629 767 1704 oblitus,
788 1629 872 1690 hunc
888 1651 1043 1691 nummum
1060 1650 1099 1690 ex
1112 1631 1177 1688 Eu·

13 1707 15 1802 l
78 1713 156 1772 sebio
171 1714 288 1788 sumsit,
305 1713 352 1774 uti
365 1713 484 1794 saepius
500 1715 626 1774 aliorum
640 1715 834 1794 computandi
846 1717 986 1792 rationes,
999 1734 1177 1794 quamquam

79 1799 527 1952 3‚²¹2.¹².lii¹’ii'..¹iiiit.
541 1801 669 1944 Mt
683 1799 854 1962 iiiiii
867 1801 1176 1964 telslffittt!

13 1981 14 1984 ’
77 1966 193 2026 tionem
206 1972 262 2030 τοῦ
275 1965 404 2028 lamech
419 1967 519 2050 vixit3
539 1979 674 2028 mortuus
690 1979 736 2028 eat
749 1989 827 2028 enno
843 1968 923 2029 vitae
937 1969 1016 2038 949.
1040 1976 1070 2028 et
1083 1969 1118 2028 Δ.
1133 1965 1173 2030 Μ.

79 2045 225 2134 (12874
240 2055 301 2119 949
315 2051 370 2133 ε)
385 2057 478 2118 2236.
1153 2105 1160 2114 .

147 2137 216 2214 Pag.
231 2139 303 2204 114.
319 2137 354 2201 A.
364 2139 398 2198 B.
419 2146 519 2196 sutem
538 2135 710 2198 traditionis
725 2137 819 2214 illius,
827 2157 917 2216 quam
931 2157 996 2218 pag.
1005 2141 1056 2204 20.
1071 2157 1173 2198 omnes

79 2219 269 2280 certissimam
286 2243 348 2282 esse
365 2221 561 2302 profitentur,
583 2223 657 2283 adeo
678 2223 791 2282 oblitus
808 2231 870 2294 est,
891 2231 927 2280 ut
944 2243 962 2280 a
977 2221 1103 2282 veritate
1115 2223 1172 2282 ab·

77 2303 196 2366 horrare
212 2307 239 2366 ei
258 2326 323 2366 non
338 2307 492 2382 videatur,
517 2305 710 2366 Mathusalam
731 2310 822 2367 annis
836 2305 1009 2388 quindecim
1026 2305 1068 2388 ¹⁰)
1090 2309 1172 2368 dilu-

77 2391 156 2450 sium
170 2411 339 2472 superasse:
363 2411 542 2472 quamquem
555 2393 633 2452 enim
648 2393 783 2471 ignotum
797 2393 852 2466 sit,
877 2412 937 2472 quo
951 2393 1018 2451 loco
1034 2401 1170 2452 servatus

78 2474 131 2552 sit;
154 2475 248 2538 Deum
263 2485 368 2536 umen
385 2478 493 2538 modos
513 2477 656 2558 locosque
670 2497 774 2552 nosse,
796 2477 904 2558 quibus
919 2475 1085 2540 Mathusala
1093 2521 1103 2556 ,
1123 2477 1172 2538 uti

79 2559 197 2636 heah,
216 2563 328 2622 smari
342 2561 486 2643 potuerit.

155 2645 332 2708 denarrare
350 2646 427 2706 mihi
446 2647 566 2722 videor,
588 2645 615 2706 si
634 2645 713 2706 hanc
730 2665 832 2708 veram
852 2645 972 2725 Georgii
994 2641 1171 2706 seutentiam

79 2747 143 2786 esse
160 2747 288 2808 ponam;
315 2731 458 2811 quoniam
476 2730 528 2806 illa
554 2732 681 2792 motatio
703 2732 776 2792 anni
795 2731 963 2790 nativitatis
984 2727 1170 2790 Mathusalae

77 2823 179 2874 centn
198 2815 314 2875 codices
333 2837 349 2874 a
374 2814 502 2893 Georgio
521 2815 662 2894 probatos
681 2823 809 2894 pugnat,
832 2823 938 2874 contra
960 2833 1088 2893 quorum
1110 2833 1169 2872 au-

77 2899 240 2958 ctoritatem
253 2919 388 2979 pugnare
403 2898 549 2976 Georgius
564 2917 626 2958 non
642 2899 727 2958 solet.
769 2897 807 2958 Et
821 2897 847 2958 si
862 2897 925 2958 vita
939 2895 1168 2978 suppeditasset,

76 2992 110 3042 ut
122 3003 197 3063 opus
213 3003 307 3065 nsque
329 2987 370 3052 ad
382 3003 467 3044 susm
481 2991 605 3043 aetatem
622 2979 671 3065 (A.
691 2991 761 3064 post
777 2982 847 3044 Ghr.
861 2978 953 3064 800),
975 3003 1061 3060 quem
1077 2983 1168 3042 finem

77 3067 132 3126 sahi
147 3079 360 3148 proposuerat,
386 3069 570 3150 perducere,
597 3077 685 3147 atque
704 3062 933 3128 ¹elaborationem
954 3067 1048 3128 totius
1068 3067 1167 3145 operis

76 3162 205 3231 repetere
224 3153 388 3234 potuisset3
416 3153 500 3212 illam
520 3151 730 3214 dissensionem
748 3153 883 3213 locorum
906 3173 972 3232 pag.
993 3157 1051 3226 20,
1071 3157 1115 3216 22
1137 3159 1167 3208 et
1232 3186 1234 3192 r

76 3239 135 3302 114
149 3248 226 3298 certe
241 3259 309 3300 eum
325 3239 513 3300 sublaturum
527 3237 619 3296 fuisse
632 3257 805 3318 persuasum
819 3236 921 3299 habeo.
943 3269 978 3282 -
999 3237 1039 3294 rit
1051 3233 1166 3314 imper·

75 3323 198 3398 sectum,
220 3335 399 3404 praereptus
415 3331 526 3394 morte,
547 3321 669 3400 reliquit
684 3343 777 3403 opus,
796 3320 856 3380 ism
871 3323 903 3380 in
916 3319 1094 3379 Diocletiani
1106 3321 1166 3378 im-

73 3407 156 3484 perio
169 3407 294 3487 hnieus;
315 3408 501 3486 tradiditque
515 3406 610 3466 amico
630 3407 818 3486 Theophani,
841 3407 891 3484 qui
904 3425 980 3483 opus
993 3413 1165 3484 susceptum

74 3493 268 3570 continuavit,
282 3503 373 3573 atque
385 3515 402 3551 a
416 3491 594 3552 Diocletiani
607 3491 790 3573 temporibus
799 3491 839 3550 ad
855 3490 1006 3550 Michaelis
1020 3497 1051 3548 et
1064 3489 1165 3548 'dheo-

71 3573 204 3654 phylacti
225 3578 290 3638 sius
305 3579 361 3638 lilii
380 3577 540 3656 imperinm
561 3572 594 3658 (i.
616 3597 641 3638 e.
656 3597 750 3658 nsque
770 3575 809 3636 ad
828 3595 939 3636 annum
953 3579 1016 3642 822
1030 3593 1046 3632 e
1061 3583 1164 3636 nostra

13 3647 14 3714 l
74 3662 305 3742 computatione)
325 3661 498 3723 chronicon
518 3661 673 3739 congessit.
715 3661 808 3740 (Vide
823 3659 1011 3742 Theophanis
1025 3657 1162 3757 Chrono-

13 3811 15 3884 ι
71 3764 139 3908 iil
140 3745 307 3892 letti
310 3745 797 3912 ⁰1¹..tttbttltt2tl'thtt
807 3745 1004 3892 iiiiii}
1020 3744 1163 3889 tltlt.

13 3991 15 4008 ‚
72 3918 254 3991 quorundam
271 3919 405 3981 sustulit.
432 3938 436 3944 ’

13 4077 14 4110 ³
106 4081 153 4146 10)
169 4080 215 4152 ἔτη
227 4081 258 4138 ιε’
271 4084 300 4138 in
312 4083 446 4140 codicibus
458 4085 656 4156 manmeriptial
691 4084 752 4148 tur,
765 4099 848 4152 aeque
863 4097 919 4136 eun
933 4081 1021 4134 Goaro
1031 4081 1101 4132 nuto
1111 4072 1163 4130 sd's
1238 4129 1244 4138 ,

137 4152 240 4221 saepius
250 4154 317 4207 anius
333 4153 503 4224 chronologi,
521 4155 553 4209 ad
566 4155 667 4210 nodum
705 4169 857 4217 omanorum,
874 4159 1003 4204 stannum
1017 4147 1118 4230 dequo,
1135 4149 1163 4230 st
1254 4187 1260 4202 .

13 4287 14 4290 Ἴ
138 4237 227 4275 mnan
241 4223 273 4276 ad
289 4239 366 4292 quen
379 4223 512 4287 referunt,
529 4228 685 4293 computant.
720 4221 789 4276 stati
858 4237 958 4290 quoque
974 4219 1000 4270 in
1012 4216 1164 4269 Eusebaams

13 4355 14 4364 ἵ
138 4286 235 4359 μμ
252 4292 388 4348 lectionem
400 4291 630 4363 manuscriptorum
645 4291 742 4354 edidita
758 4289 793 4344 tri
810 4289 849 4341 uit
857 4305 921 4342 vero
935 4284 1164 4369 Euschtqoptnts-

13 4379 17 4558 p
139 4373 209 4424 nen,
225 4358 396 4418 Mathusalan
409 4359 505 4416 diluvio
517 4361 681 4434 superstitem
694 4361 789 4425 luisse,
805 4375 873 4428 quae
887 4374 937 4410 aon
954 4354 1061 4410 lluasbu
1073 4361 1121 4408 est-
