2888 4714
392 399 452 468 ET
473 401 827 476 ANNOTATIONES.
1079 396 1155 474 465

68 554 186 640 ἀπερεῖ,
203 555 303 632 Quoto
316 553 414 643 spatio
430 575 469 616 ex
482 555 640 618 subductis
650 559 762 638 Regum
778 569 809 620 et
818 560 1032 642 Prytaneorom
1047 563 1156 626 annis't

71 636 127 716 νῆ’.
141 642 290 721 utiqneat
310 663 373 701 non
391 635 469 721 νμῖ.
496 643 655 702 Conclusio
673 642 857 706 haecverbis
872 647 996 728 paginus
1012 669 1156 730 proesen-

67 726 102 784 tis
125 729 284 806 postremis
312 725 468 786 manilests
490 727 682 806 relinquitur.
732 729 902 792 Caeterum:
929 735 1000 791 Hoc
1022 733 1159 795 Diodori

63 811 280 890 fragmentum,
300 811 407 870 scribit
424 811 554 889 Scaliger
567 811 720 874 Animadv.
733 813 921 892 pogins255.
934 815 1071 879 debenus
1084 823 1157 882 Eu-

67 895 150 956 sebio.
194 898 296 975 Longe
309 895 428 976 quidem
444 897 553 954 certius
568 897 695 974 Georgio
711 899 848 975 syncello
863 901 1042 964 sssmuisset.

143 977 316 1061 Εὔδαμος]
337 980 485 1040 Emendat
495 982 607 1061 stylum
619 980 772 1042 Librarius
781 1002 814 1064 p·
830 987 900 1050 180.
912 985 947 1046 A·
960 993 991 1044 ot
1003 1007 1034 1067 p.
1047 989 1157 1054 185,st

68 1074 94 1124 st
108 1065 218 1126 scribit
233 1063 387 1144 Εὔδημος.

142 1144 356 1231 Ἀριστομίδης
371 1149 422 1230 ίτη
435 1143 484 1230 t'.]
505 1147 553 1209 Er
574 1150 731 1231 utriusque
749 1171 816 1232 pag.
830 1151 907 1212 loeis
924 1149 1052 1212 laudatis
1064 1173 1158 1235 repo-

70 1233 122 1294 suit
132 1229 349 1316 Ἀριστομήδης
364 1234 414 1314 ίιη
429 1227 478 1296 λε’.

144 1321 302 1399 Peg-180·
323 1317 416 1380 Eleis
432 1309 488 1380 mir
512 1317 576 1381 siis
597 1317 750 1400 βασιλεῖς]
765 1321 877 1382 'sextas
889 1321 1068 1382 laterculum
1075 1341 1158 1383 men·-

70 1401 187 1479 dosum,
212 1425 265 1477 eo,
287 1403 369 1482 quod
383 1403 421 1463 ad
434 1403 596 1482 marginem
612 1406 791 1484 opponitur,
811 1407 947 1486 restitui,
968 1406 1098 1468 niutan
1114 1407 1158 1468 ti-

69 1488 142 1548 tulus
159 1490 341 1548 monifestat.

147 1567 271 1654 Βάκχης
287 1565 351 1654 te'.]
373 1568 501 1632 Librarii
521 1590 621 1648 error,
644 1591 733 1652 quem
757 1571 887 1652 Scaliger
908 1574 1041 1652 sequitur
1057 1583 1159 1636 textus

70 1657 173 1736 pagina
198 1661 250 1724 33.
276 1677 336 1736 qua
357 1655 505 1720 Bacchum
533 1655 758 1718 Corinthiorum
778 1677 880 1737 regum
901 1659 1040 1738 quintum
1058 1661 1160 1720 statim

70 1743 199 1822 primum
214 1744 246 1802 in
260 1741 397 1802 laterculi
414 1745 512 1802 lronte
530 1741 666 1803 collocat.

150 1823 271 1908 Βάκχης
285 1825 336 1907 ἔτη
349 1821 416 1908 iti]
439 1826 582 1906 Superius
597 1826 783 1904 laterculum,
800 1835 837 1886 ut
848 1823 899 1888 bic
909 1822 1072 1903 LiBrarius,
1087 1827 1161 1888 scri·

69 1909 113 1970 bit
126 1906 176 1975 λε’.
193 1934 208 1970 a
220 1911 328 1971 muudi
340 1909 534 1971 nihilominus
545 1913 638 1979 4569.
652 1931 712 1992 quo
726 1932 848 1992 regnum
861 1913 931 1973 iniit
939 1912 979 1974 sd
991 1912 1083 1980 4601.
1099 1931 1160 1992 quo

70 2005 208 2054 mortuus
224 2005 280 2073 eat,
302 2016 366 2056 non
379 1999 480 2076 plures
497 1999 548 2062 52.
565 2005 772 2056 numerantur.

159 2079 237 2141 Φασὶ
251 2079 404 2164 γεγονέναι
422 2079 490 2163 περί
510 2075 731 2162 κρατήσαντα]
761 2080 873 2140 Vitiosa
888 2079 978 2140 lectio
994 2077 1054 2142 hoo
1070 2089 1162 2161 pacto

75 2163 253 2224 emendando
267 2165 341 2236 occi
358 2165 512 2250 γεγονέναι
527 2165 559 2226 oi
573 2163 643 2245 περί
659 2161 714 2229 κᾶν
735 2160 861 2248 Ιίράιην
878 2159 1017 2244 ζήσαντα.
1050 2165 1163 2226 Scribit

73 2247 152 2305 enim
173 2249 316 2310 Eusebius
338 2251 471 2310 Latinus.
503 2247 641 2326 Quidam
656 2270 742 2328 eum,
754 2272 798 2310 ,er
819 2249 933 2330 quibua
950 2246 1071 2328 Grates,
1092 2262 1163 2310 ants

73 2329 244 2392 descensum
256 2333 496 2394 Heructidorum
509 2343 640 2412 ponunt.
669 2333 802 2394 Assentit
815 2335 954 2413 Scaliger,
977 2345 1006 2396 et
1019 2355 1071 2396 sua
1085 2356 1162 2396 eon-

73 2415 184 2478 iecturs
207 2421 441 2480 emendationem
462 2419 556 2489 iuvat
568 2415 644 2497 φασί
667 2417 837 2500 γογονίναι,
866 2413 966 2501 ὅσπερ
990 2417 1010 2482 ti
1030 2415 1160 2504 Κράτης.

73 2519 135 2580 pag.
148 2511 250 2564 textus
266 2503 373 2565 Euseb.
386 2505 438 2570 34.

155 2589 196 2651 Oi
210 2586 244 2651 δὲ
259 2587 328 2668 περί
339 2585 394 2652 τάν
410 2581 603 2669 Φιίάχορον.]
624 2584 770 2646 Dictionis
787 2583 821 2645 in
834 2583 896 2645 MS.
917 2583 1048 2644 delectus
1064 2583 1163 2644 Sceliae'

76 2687 186 2749 gerum,
209 2681 247 2733 ut
260 2683 376 2732 textum
392 2671 580 2754 depravaret,
599 2671 731 2752 impulit.
774 2669 871 2732 Habet
883 2669 977 2730 illud:
1000 2669 1032 2730 oi
1045 2665 1078 2729 ii
1093 2667 1165 2749 usqi

79 2751 239 2840 Φιλόχορον
254 2754 305 2821 τὸν
318 2761 373 2837 τῆς
383 2751 514 2836 Ἰωνικῆς
530 2751 671 2829 ἀποικίας
685 2751 793 2819 *καθ’
810 2755 863 2819 ἕνα
876 2758 936 2816 coir
951 2749 1002 2816 tut
1018 2753 1087 2831 βίου
1106 2744 1161 2832 ἀρ-

76 2833 183 2916 χόντων
203 2837 389 2926 ’Antiopesve
410 2841 543 2902 restituit
564 2841 708 2920 Scaliger:
731 2843 763 2904 οί
782 2837 816 2903 ii
835 2837 903 2920 περί
930 2829 1095 2919 Φιλόχορον
1113 2834 1165 2899 tut

77 2926 123 3001 uic
135 2919 270 3006 Ἰωνικῆς
285 2921 443 3000 ἀποικίας,
466 2921 545 2988 καθ’
559 2925 684 2988 icarus
702 2919 754 2988 tisri
771 2927 841 3007 βίον
861 2917 1028 3004 ἀρχόντωνι
1050 2931 1082 2980 ut
1099 2939 1164 2982 non

77 3004 193 3089 integre.
235 3013 346 3072 Fuerat
361 3011 440 3071 anim
454 3009 528 3070 hssc
543 3009 707 3071 Aristarchi
722 3021 753 3070 et
764 3008 935 3091 sequacium
948 3005 1051 3088 opinio
1064 3003 1163 3066 dedu-

79 3101 135 3153 ctae
156 3097 197 3156 ab
216 3096 335 3156 lonibus
351 3096 485 3156 coloniae
500 3105 636 3176 tempore
650 3095 811 3155 Homerum
828 3093 985 3154 iloruisssr
1014 3092 1074 3150 ism
1093 3109 1164 3150 cum
1229 3161 1234 3172 ι

79 3181 239 3256 oppositam
256 3179 453 3240 Philochorus
467 3184 642 3240 sententiam
661 3181 871 3260 amplectatur,
892 3198 948 3257 qua
963 3175 1079 3237 ratione
1093 3173 1164 3234 rhi-

78 3259 214 3326 locborus
238 3265 271 3324 in
294 3263 461 3326 Aristarchi
482 3274 611 3325 mentem
635 3265 784 3343 Scaligero
806 3264 932 3324 ductore
953 3259 1104 3322 transeat?
1133 3255 1167 3322 oi

79 3348 139 3429 περὶ
157 3345 368 3432 Ἀρίσταρχον,
390 3349 497 3410 scribit
519 3349 654 3426 Autbor,
680 3345 756 3412 κατά
778 3345 835 3429 κῆν
860 3342 996 3427 Ἰωνικῆν
1019 3340 1164 3409 ἀποικίαν

73 3419 202 3516 ’Όμηρον
219 3433 372 3518 γεγονέναι
384 3435 501 3513 puolo.-
514 3435 594 3494 inira
608 3453 696 3509 varo,
712 3434 745 3497 οί
759 3430 792 3496 ii
804 3431 874 3514 usqi
889 3425 1069 3512 Φιλόχορονι
1085 3428 1165 3489 nulli

81 3511 195 3580 dubium
214 3521 286 3599 quin
305 3519 414 3596 dictio,
437 3515 486 3592 ii,
508 3520 668 3579 adversans
682 3537 791 3580 novam
809 3517 979 3598 opinionem
992 3513 1163 3576 insinuatio

82 3606 280 3682 sequentibus,
303 3623 391 3683 quem
408 3603 530 3664 eundem
543 3603 676 3664 inculcat
687 3602 870 3684 interpolans
886 3603 1026 3679 Scaliger,
1046 3599 1096 3662 ίπί
1108 3601 1164 3677 τῆς

80 3671 201 3772 Ἰωνικῆς
222 3685 374 3764 ἀποικίας.
415 3689 531 3768 Ecquid
549 3689 591 3747 ita
611 3687 691 3748 vixit
712 3687 859 3749 Homerus
883 3686 933 3750 ίπί
955 3689 1010 3764 τῆς
1032 3677 1165 3758 Ἰωνικῆς

84 3759 215 3848 ἀποικίας
221 3815 232 3849 ,
253 3783 288 3834 ut
306 3761 412 3848 sim'ul,
433 3767 510 3836 καθ’
532 3773 584 3837 ἕνα
600 3777 662 3836 τοῖν
684 3769 735 3835 ert
751 3775 820 3855 βίον
842 3765 992 3850 ἀρχόντων
1009 3764 1163 3826 extiterit?

83 3846 196 3918 latinus
218 3859 284 3938 ipse
300 3857 460 3935 Eusebius,
475 3870 549 3937 poet
568 3861 794 3939 emigrationem
812 3857 966 3931 Ionicum,
987 3855 1044 3911 ait:
1066 3847 1166 3909 Scali-

86 3951 128 4010 ttt
147 3936 404 4024 intencionem
421 3936 563 4016 ἀποικίας
578 3943 778 4022 emigrationis
792 3951 933 4020 tempore.
975 3937 1077 3997 Atros
1092 3953 1167 4014 per-

86 4036 222 4108 wuaeque
251 4037 386 4107 tempore
414 4027 664 4088 disiunctissime
691 4047 755 4087 non
781 4025 869 4086 lacile
901 4031 1018 4084 coeunt.
1071 4017 1166 4078 Faci-

85 4098 135 4208 litu
161 4113 259 4220 itaquo
289 4121 448 4218 reparptur
475 4111 619 4173 Authon's
646 4131 759 4172 sensus.
787 4111 822 4213 οξ
844 4105 877 4172 ὀί
900 4105 970 4189 περί
999 4099 1166 4212 φιλόχορρν

86 4205 132 4337 n
143 4197 915 4363 n.nnnttrtsnnnntn:
931 4187 1086 4336 ultr
1103 4209 1167 4334 n.

86 4363 222 4444 unusne,
245 4367 340 4445 deque
359 4363 584 4427 Atheniensium
596 4364 687 4445 gestis
702 4373 734 4426 st
751 4361 870 4444 regibus
888 4362 986 4424 texuit
999 4357 1167 4437 ustorum,
1189 4351 1196 4370 ’

147 4462 241 4538 tioorg.
257 4465 397 4537 Sposltss.
413 4464 449 4520 Π.
918 4449 962 4515 80
