2806 4718
312 385 646 458 CHRONOGRAPH.
668 387 826 460 CANON.
1035 383 1111 456 288

32 545 157 606 devincto
165 592 175 624 ‚
197 543 316 628 (prImis
338 545 416 604 enim
430 565 448 602 a
462 546 688 608 Resurrectione
702 548 858 608 Dominica
880 547 1028 609 mensssms
1042 550 1111 609 nnl-

33 634 70 690 lus
83 632 252 692 institutum
267 629 396 710 dixerit)
409 629 597 710 Hymenaeus
613 654 714 694 eorum
728 645 894 715 postremus
916 635 1002 693 annis
1030 635 1112 694 duo·

33 717 113 774 decim
127 718 202 776 solis
213 717 360 776 abeodem
371 717 499 794 Georgio
511 718 640 798 acceptis
647 719 923 798 Hierosolymorum
936 719 1113 782 Antistitum

32 801 194 862 laterculum
206 821 261 882 per
273 801 353 860 haud
368 801 456 860 breve
470 803 598 880 spatium
613 805 698 863 nullo
711 804 851 864 Antistite
866 805 1047 864 demonstrat
1061 826 1112 865 oe-

33 896 177 964 mpatum3
201 887 255 966 qui
271 907 355 946 error
372 889 405 946 in
420 885 555 946 Authore
577 909 639 948 non
664 889 760 948 obiter
781 890 1030 968 praetereundus,
1052 891 1111 951 nisi

32 971 157 1030 maiorem
175 973 299 1049 dixero,
320 971 402 1048 quod
415 971 577 1050 Hymenaei
596 973 727 1034 eiusdem
745 972 992 1055 (reclamantibus
1007 974 1040 1034 in
1055 976 1113 1034 sd-

32 1075 135 1116 rersum
149 1057 300 1126 Eusebio,
320 1055 504 1136 Nicephoro‚
525 1066 556 1116 et
568 1059 770 1140 Theophane)
791 1077 884 1118 annos
903 1059 988 1118 ioede
1017 1061 1112 1119 muti-

31 1141 126 1200 latione
138 1143 273 1203 effecerit
283 1141 445 1201 breviores.
488 1142 674 1222 Nicephorus
689 1143 835 1224 siquidem
849 1143 1012 1202 voluminis
1025 1144 1112 1204 istius

32 1229 122 1306 pagina
135 1230 209 1294 410.
226 1227 261 1289 A.
278 1236 338 1286 tres
360 1247 450 1306 supra
468 1227 577 1305 viginti
597 1238 741 1289 memorat
752 1229 929 1308 Hymenaei:
958 1227 1113 1306 Theopha-

33 1331 73 1370 nes
86 1331 120 1369 ex
137 1311 274 1372 omnium
288 1308 357 1372 ilii.
375 1314 426 1372 SS.
439 1311 610 1373 testimonio
624 1323 763 1374 numerat
775 1315 827 1380 24.
841 1314 879 1372 ad
894 1333 1003 1372 annum
1019 1319 1112 1382 2777.

32 1417 85 1476 pag.
100 1395 132 1464 4.
150 1399 188 1456 Δ.
201 1396 283 1455 idem
297 1395 404 1458 iterum
419 1400 472 1462 28.
493 1406 626 1458 recenset
640 1400 678 1460 ed
693 1419 803 1458 annum
819 1401 913 1465 2788.
926 1397 959 1458 in
973 1399 1045 1459 nili.
1062 1401 1113 1462 SS.

32 1481 172 1560 pluribus,
194 1481 316 1560 quaein
331 1480 410 1540 notia
424 1491 634 1542 memorantur.
676 1483 813 1560 designat
826 1483 971 1542 Eusebius
994 1483 1068 1544 duos
1083 1495 1114 1546 et

32 1565 140 1642 triginta
154 1566 187 1624 in
203 1565 360 1626 Chronicis
370 1610 380 1643 ,
402 1585 418 1624 a
433 1566 584 1626 Valeriani
607 1567 722 1626 scilicet
738 1573 787 1632 12.
808 1575 838 1626 et
856 1567 965 1628 Christi
982 1573 1054 1635 268.
1075 1569 1115 1630 ad

32 1651 197 1712 uiocleusni
214 1657 263 1718 12.
276 1659 306 1710 et
323 1649 431 1709 Christi
443 1656 516 1718 299.
559 1651 606 1710 Ex
618 1651 799 1711 inconstanti
821 1671 1014 1712 numerorum
1039 1673 1115 1715 con-

33 1737 98 1812 gerie
112 1737 178 1816 quis
192 1735 316 1796 coeteris
328 1735 438 1794 certior
456 1735 656 1813 designandus
670 1755 747 1816 pene
761 1737 918 1798 incertum.
961 1739 1037 1796 Sane
1053 1744 1114 1821 qui,

32 1829 59 1878 ut
75 1841 136 1881 sum
160 1821 328 1900 praelatus,
350 1839 462 1880 annum
477 1821 577 1880 lacobi
596 1821 727 1902 primum
747 1822 785 1881 ad
800 1819 908 1881 Christi
924 1821 1040 1881 Domini
1059 1829 1112 1894 34,

33 1925 63 1964 ex
77 1907 214 1966 luthorio
229 1906 310 1966 dicto
325 1925 391 1984 pag.
405 1908 479 1972 328.
494 1905 527 1966 Β.
539 1907 741 1987 deputaverit,
764 1915 793 1966 et
807 1925 845 1964 ex
858 1905 963 1966 iudicii
976 1910 1114 1972 consulto

35 1981 101 2070 ¹(quis
115 1993 193 2052 enim
210 2011 226 2049 a
244 1991 375 2070 Spiritus
392 1992 421 2052 S.
435 1990 468 2048 in
481 1991 641 2071 Apostolos
654 1993 766 2072 illapsu
784 1991 882 2050 lacobi
897 1991 1115 2070 promotionem

34 2079 119 2136 statim
132 2077 311 2155 completam
326 2073 484 2156 existimet)
500 2095 611 2136 annum
622 2077 796 2155 cogitaverit
806 2075 961 2136 obeuntem
968 2095 977 2148 3
999 2077 1115 2159 Hyme-

34 2163 89 2220 mei
115 2161 344 2236 duodecimum,
374 2167 409 2218 ut
428 2160 461 2218 in
483 2159 596 2221 Christi
616 2163 687 2228 275.
719 2163 893 2236 obeuntem,
925 2161 969 2220 ite
989 2161 1022 2221 in
1044 2171 1116 2232 276.

34 2245 171 2306 ineuntem
189 2247 345 2304 incurrere
371 2263 410 2304 ex
433 2245 538 2306 ordine
563 2245 782 2327 deprehendets
805 2246 854 2304 cui
877 2267 915 2305 ex
936 2245 1117 2330 Theophane

36 2331 139 2410 Georgii
154 2331 365 2390 continuatore
377 2331 462 2388 annis
476 2333 547 2390 totis
562 2341 691 2410 quatuor
704 2341 733 2390 et
743 2331 850 2410 viginti
864 2332 1010 2411 ascriptis,
1033 2335 1116 2394 eius-

37 2413 91 2476 tlem
105 2417 226 2476 tertium
240 2413 388 2474 decimum
403 2413 437 2472 in
451 2415 629 2476 Diocletiani
648 2417 781 2496 primum
796 2416 899 2474 mundi
915 2423 1007 2483 2777.
1026 2420 1117 2479 Chri.

37 2501 68 2556 sti
85 2508 150 2568 277.
173 2521 211 2562 ex
225 2497 415 2578 Theophanis
441 2511 583 2582 computo
604 2500 753 2577 incidere,
783 2509 814 2560 et
835 2501 956 2578 Georgii
984 2503 1115 2565 calculos

38 2604 94 2644 cum
111 2584 300 2668 Theophanis
318 2591 459 2668 computo
481 2585 672 2648 concordiam
691 2587 767 2648 inire
789 2605 876 2666 posse
896 2585 1029 2662 facilem,
1061 2590 1116 2650 da-
1233 2659 1235 2666 ,

38 2681 131 2730 cernet.
247 2683 249 2686 '

58 2822 225 2888 smmi
245 2841 312 2888 Asse
326 2841 391 2886 osn-
428 2842 531 2896 semme
544 2845 620 2904 ιη...
643 2843 786 2888 insama
805 2841 853 2887 ss·
871 2841 976 2898 nomas,
998 2843 1084 2890 Ama

69 2913 205 2960 sicutisn.
295 2912 337 2962 sti.
473 2923 575 2962 rasores.
726 2925 777 2970 ges.
872 2909 954 2966 etiae,
974 2912 1082 2958 Aleten-

871 2979 1084 3034 drtee‚et11ie-
1156 2975 1161 2986 ⁸

897 3049 1068 3102 rosolpmarum

906 3115 1042 3174 Pontifices.

749 3315 769 3375 3
886 3335 975 3384 nense
986 3337 1071 3393 primus

883 3406 1009 3462 Episcopus
1023 3411 1069 3454 ltn-

877 3486 938 3518 rsus
951 3477 1015 3526 assis
1027 3479 1061 3525 ti.

751 3583 771 3644 4
880 3593 1015 3638 satissime
1028 3593 1075 3650 prl-

884 3674 934 3706 mus
949 3663 1077 3720 Episcopus

877 3731 981 3774 uvolis·
996 3743 1033 3774 ιιι.
1047 3732 1082 3778 29.

873 3832 1025 3876 Alexandriae
1037 3833 1082 3888 psi-

883 3913 932 3946 mus
946 3901 1073 3956 Episcopus

902 3969 1004 4014 Missos
1015 3981 1058 4012 sa-

939 4037 976 4081 uls
991 4037 1022 4084 lt.
