2960 4716
299 319 351 392 64
774 325 911 409 Gonu]

300 487 339 547 sd
359 495 466 547 metans
486 503 581 564 usqua
595 505 655 546 non
676 483 834 566 perduxit:
864 483 963 566 operis
982 491 1189 564 partestersas
1210 492 1241 542 et
1255 481 1403 547 elimatas

299 572 431 634 reddidit
445 571 618 648 nonnullas,
640 569 780 649 quasdam
799 570 871 630 rudi
891 580 922 630 et
939 569 1045 649 pingui
1059 569 1192 629 Minerva
1211 569 1301 648 plane
1321 568 1403 628 bor·

298 656 377 720 rides
391 665 421 714 et
434 657 587 716 insuaves:
609 655 777 716 summatim
801 655 918 714 dicaml
940 655 1083 732 Georgius
1097 652 1259 730 scribebat,
1281 662 1313 712 st
1327 673 1403 714 non

299 742 465 816 recensuit,
496 741 668 818 castigavit,
689 740 840 819 expolivit
857 760 946 819 opns:
976 737 1058 818 quod
1077 747 1235 814 memorat,
1257 748 1401 818 praeter.

299 825 408 902 mittit,
437 825 517 904 quod
531 825 694 904 promittit,
717 843 780 883 non
793 825 891 903 potuit
911 825 1040 904 exsequi.
1082 823 1218 897 Quantae
1239 843 1312 883 raro
1334 823 1399 882 sub

302 909 434 969 dictante
455 910 643 988 quantumvis
665 908 805 988 diligente
821 918 852 968 et
866 919 978 970 attento
997 910 1217 970 interseruntur
1233 908 1398 968 oscitantia

299 995 467 1074 exceptoris
486 993 754 1053 hallucinationes?
784 993 867 1068 Quot
883 995 965 1054 vitiis
983 995 1096 1074 scripte
1113 1013 1167 1052 sua
1189 1013 1252 1054 uon
1274 1013 1398 1073 resper-

298 1089 372 1158 gunt
389 1079 526 1143 libresii'l
553 1081 594 1138 At
610 1079 648 1138 de
667 1077 715 1140 bis
735 1077 920 1139 commodior
937 1089 1077 1158 sequetur
1094 1077 1278 1139 observatio:
1310 1077 1398 1138 inte-

297 1165 357 1224 rim
372 1165 453 1242 quod
469 1163 625 1244 praemisi,
648 1163 788 1243 quodque
808 1164 965 1240 contendi,
988 1163 1175 1224 severissimo
1195 1162 1398 1241 disceptaturi

296 1269 346 1309 me
365 1249 560 1328 probaturum
580 1247 708 1311 conlido.
751 1249 797 1308 lta
816 1257 880 1320 est,
904 1250 1043 1328 inquam,
1067 1249 1209 1327 Georgius
1230 1247 1394 1322 scribebat,

298 1343 329 1392 at
343 1353 405 1392 non
423 1333 600 1411 recognovit
614 1329 672 1412 ²²).
715 1332 797 1408 Quid
814 1335 891 1394 enim
908 1335 933 1393 si
952 1343 1154 1410 retractasset,
1175 1332 1300 1392 natalem
1319 1331 1395 1390 bla-
1462 1357 1463 1386 l

296 1417 433 1478 thusalne
453 1419 531 1477 diem
547 1418 580 1476 in
602 1437 714 1476 annum
729 1439 747 1476 a
763 1417 870 1478 mundi
891 1418 1014 1479 conditu
1036 1422 1127 1484 1287.
1168 1415 1315 1492 Africani,
1337 1417 1396 1475 vel

297 1513 460 1582 suppntum
475 1502 562 1562 etiam
577 1502 733 1584 proprium
745 1513 903 1582 sequutus,
926 1503 1111 1563 coniecisset:
1132 1521 1205 1561 mox
1218 1522 1288 1562 vero
1302 1501 1396 1579 quasi

296 1587 403 1668 scripti
416 1589 588 1666 poenitens,
611 1598 642 1647 et
655 1587 879 1651 scribendorum
893 1587 974 1648 haud
991 1587 1142 1668 praescius
1155 1584 1217 1666 ²³),
1238 1585 1299 1644 imo
1316 1605 1395 1644 cum

296 1671 371 1748 sibi,
392 1681 455 1730 tum
476 1672 618 1734 Africano
638 1673 820 1746 contrarius,
841 1673 1036 1734 Mathusalae:
1053 1672 1179 1731 eundem
1197 1691 1274 1730 anno
1294 1673 1395 1735 1273.

296 1765 399 1816 natum
413 1777 475 1816 non
488 1759 592 1816 suisset
603 1758 717 1816 veritus
729 1758 880 1818 asserere?
901 1759 1026 1836 Scriptis
1041 1755 1200 1833 recognitis
1215 1764 1245 1814 at
1260 1755 1397 1832 castiga-
1462 1803 1463 1820 ,

294 1841 333 1900 tia
354 1851 423 1921 post
440 1861 534 1902 annos
555 1841 635 1902 vitre
656 1846 727 1907 969.
748 1863 775 1902 s.
789 1842 896 1904 mundi
917 1846 998 1910 1273
1015 1842 1052 1901 ad
1072 1841 1160 1907 2242
1177 1850 1207 1900 et
1227 1839 1395 1912 diluvium,

294 1923 481 1986 Mathusalae
502 1937 630 1986 mortem
651 1945 780 2006 ponere,
808 1944 881 1988 mex
901 1926 1011 1986 borum
1030 1927 1200 2000 immemor,
1229 1926 1289 1984 lleo
1308 1918 1396 1986 καθ’

296 2007 351 2084 oiir
377 2007 442 2074 olda
462 2007 571 2085 τόπους
590 2009 642 2072 καὶ
659 2006 789 2092 τρόπους
809 2029 961 2074 nnmcum
981 2009 1089 2083 Enoch
1103 2009 1298 2069 Mathusalam
1323 2029 1397 2068 aer-

296 2105 403 2173 vsnta,
425 2096 552 2155 eundem
573 2095 657 2154 annia
681 2095 721 2162 14
744 2095 888 2158 diluvium
907 2097 1005 2174 ipsum
1025 2110 1195 2176 superasse,
1223 2103 1253 2153 et
1274 2113 1396 2154 annum

294 2199 466 2240 numerasse
480 2181 564 2248 2256
585 2179 687 2260 potuit
700 2181 847 2240 nltirnsere
860 2177 932 2260 ²⁴)i’
951 2179 1056 2256 Quid?
1079 2181 1125 2239 An
1137 2199 1200 2238 non
1214 2178 1313 2239 obitus
1328 2179 1398 2237 Ma·

294 2263 431 2324 tbusalae
443 2265 546 2324 tertius
559 2263 598 2322 ad
612 2283 722 2323 annum
738 2267 832 2332 2236.
846 2285 913 2345 pag.
927 2273 978 2334 22.
993 2267 1029 2329 G.
1044 2267 1192 2340 refertur,
1212 2286 1230 2324 a
1244 2283 1304 2344 quo
1321 2284 1397 2322 mo·

293 2349 389 2408 sosius
413 2348 617 2425 tbscutiendo,
640 2349 722 2428 quod
746 2355 971 2410 commentantis
991 2351 1025 2410 id
1041 2351 1081 2409 eit
1097 2369 1224 2425 munus,
1246 2348 1396 2408 abstineo.

292 2431 352 2495 ffic
364 2453 418 2512 ego
434 2433 616 2512 Scaligerum
632 2433 818 2494 familiariter
831 2437 994 2496 convenio:
1017 2435 1098 2516 quod
1112 2435 1271 2514 syncellus
1281 2433 1395 2513 pagina

294 2517 396 2580 sedem
411 2523 462 2586 21.
475 2519 580 2595 semel,
601 2527 631 2577 et
643 2538 746 2579 rursus
756 2520 821 2578 Noe
835 2530 952 2596 ortum,
977 2530 1006 2582 et
1020 2530 1103 2580 ortua
1120 2538 1233 2588 annum
1247 2528 1395 2599 exponat,

294 2612 324 2663 st
338 2624 423 2684 pagg.
438 2605 552 2684 pariter
567 2609 618 2672 62.
633 2604 669 2667 Β.
687 2611 717 2663 et
734 2609 785 2671 69.
806 2604 841 2667 A.
861 2605 898 2665 de
915 2605 1056 2686 Dynastis
1075 2604 1187 2664 decima
1205 2613 1329 2679 ochra,
1353 2603 1396 2663 ds

293 2687 410 2749 Ameria
423 2709 533 2767 regno,
554 2689 702 2769 lineisque
716 2689 773 2748 sab
785 2707 819 2748 eo
832 2690 925 2749 natali
943 2689 1098 2770 eonceptia
1115 2687 1213 2750 verbis
1229 2688 1331 2747 erdem
1351 2707 1395 2748 ex

293 2773 435 2834 Africano
453 2776 557 2850 iteret,
580 2775 682 2834 eadem
702 2774 826 2855 insuper
840 2784 870 2834 et
885 2793 946 2836 non
967 2777 1121 2834 immutata
1143 2775 1181 2834 de
1202 2772 1323 2832 Sedecie
1349 2791 1396 2832 ex

294 2857 428 2917 Africani
441 2859 612 2920 narratione
627 2879 709 2938 pagg.
724 2864 795 2926 219.
809 2869 839 2919 et
850 2863 924 2926 223.
941 2857 974 2919 in
985 2860 1118 2921 medium
1134 2858 1277 2926 adducto,
1299 2875 1394 2916 com-

294 2941 541 3018 muniqnetotiua
555 2943 636 3002 orbis
651 2943 767 3002 diluvio
780 2944 897 3024 asapius
912 2943 1063 3025 descripto
1078 2953 1107 3004 et
1116 2943 1276 3018 incidente,
1296 2941 1395 3018 Egre-

294 3041 436 3102 gororum
449 3024 607 3084 historiam
620 3025 708 3105 louge
721 3027 852 3104 priorem
869 3029 968 3090 denuo
986 3029 1062 3091 velit
1076 3029 1247 3108 repetitam,
1268 3035 1397 3106 praeter

291 3107 384 3188 brec,
412 3111 536 3170 secundi
561 3109 674 3170 Cainan
696 3111 884 3188 affirmandi,
913 3113 990 3194 regis
1015 3115 1070 3174 sub
1093 3132 1153 3194 quo
1178 3111 1327 3192 profectio
1350 3131 1394 3172 cx

292 3195 429 3275 Aegypto
450 3205 605 3276 suscepta,
627 3195 811 3276 septivitatia
830 3219 994 3276 annorum,
1017 3209 1047 3260 st
1063 3197 1236 3258 huiusmodi
1251 3196 1394 3274 reliquo-

292 3299 362 3340 rum
375 3281 429 3340 fiat
444 3291 574 3342 macrior
588 3301 677 3362 supra
692 3281 816 3342 modum
833 3283 1038 3364 importunus,
1059 3285 1084 3344 si
1099 3283 1211 3343 dictata
1232 3281 1394 3342 recoluis-

292 3373 355 3441 set,
376 3365 409 3424 in
428 3363 502 3427 baec
517 3387 650 3446 unquam
668 3366 744 3426 vltis
761 3368 810 3428 vir
824 3364 1057 3450 ἐλλογιμώτατος
1080 3369 1185 3428 ibisset
1206 3367 1393 3446 prolapsus?

292 3446 339 3508 Ex
352 3447 568 3529 chronologiae
586 3451 695 3514 tabulis
709 3451 746 3510 ad
761 3451 854 3532 ipsius
874 3455 1006 3533 Synoelli
1021 3473 1163 3514 numeros
1177 3451 1284 3512 officiis
1300 3471 1394 3531 para..

292 3531 478 3596 chronismon
493 3536 625 3616 syncelli
640 3537 796 3617 proferam
807 3538 869 3598 sole
887 3539 1052 3600 clariores?
1078 3539 1120 3598 Ut
1140 3537 1232 3598 variis
1251 3535 1394 3596 auotori-

291 3617 348 3678 bus
369 3629 399 3679 et
413 3619 498 3681 libris
513 3621 552 3680 sd
567 3617 691 3704 ἐκλογήν
707 3623 973 3684 comercinnndam
990 3645 1079 3700 usus,
1100 3621 1284 3684 venientibus
1306 3639 1394 3700 quo-

291 3725 350 3784 que
368 3703 491 3765 calculis
507 3704 637 3766 bominis
658 3707 787 3768 eiusdem
805 3716 947 3788 aetatem,
968 3712 1019 3771 vel
1033 3708 1152 3790 imperii
1169 3707 1275 3767 seriem
1290 3714 1394 3766 totam

289 3801 505 3872 prosequatur,
526 3811 566 3851 ex
579 3790 636 3852 bac
651 3791 683 3851 in
698 3791 820 3853 alteram
836 3795 1008 3873 opinionem
1032 3801 1181 3869 transeat,
1201 3791 1394 3870 scriptorum

290 3875 434 3952 eimruodi
454 3868 623 3960 dorsloylng
647 3877 803 3956 admittat,
835 3899 912 3957 quae
932 3881 984 3942 rel
1005 3889 1105 3940 mente
1131 3879 1307 3952 confusum,
1337 3877 1394 3938 vel

290 3970 442 4021 auctorem
461 3969 587 4040 arguant
602 3962 720 4042 penitus
736 3962 961 4024 immemoram'l
990 3965 1100 4025 Confer
1113 3981 1199 4045 pagg·
1224 3965 1266 4028 68
1285 3970 1315 4020 et
1336 3965 1393 4027 69.

293 4065 361 4106 enm
377 4045 435 4106 alia
452 4051 522 4114 126.
564 4047 638 4107 lllae
652 4047 893 4128 oneratissimo,
915 4049 941 4108 si
954 4069 1025 4113 vore
1038 4049 1222 4131 glorientur,
1243 4055 1394 4127 computo

324 4245 427 4370 segg,
449 4249 510 4364 ,aa
528 4252 557 4301 e
574 4248 616 4304 es.
636 4247 667 4298 e.
743 4247 792 4316 aa)
809 4249 873 4318 rag.
886 4249 967 4306 san
985 4252 1047 4362 ao.¹
1066 4346 1069 4360 1
1108 4249 1156 4318 st)
1172 4249 1295 4362 regiae.
1310 4245 1396 4362 Ισῑιιιι
1462 4343 1463 4356 .
