2888 4714
289 359 367 438 46⁰
668 363 1012 436 mfflnnsmontes

291 527 385 605 culis,
404 531 477 596 600.
498 535 597 590 sutem
611 545 651 587 ex
665 525 783 586 Eusebii
797 531 939 606 consputo
959 523 1079 602 colliget
1094 519 1240 601 1011000,
1264 543 1401 586 summe-

290 613 345 674 tim
360 613 558 694 speriendum.
584 613 629 674 bc
643 611 763 672 Eusebii
777 611 897 692 quidem
912 629 1001 689 quem
1014 609 1112 690 primo
1126 619 1284 670 memorat
1297 611 1404 672 Geor*-

290 699 374 778 gius,
396 707 425 758 et
443 698 579 771 obiecto,
608 697 691 778 quod
714 705 825 756 vocent
841 695 880 754 sd
897 694 1063 771 homiuem,
1091 694 1236 774 impetit,
1259 695 1400 755 rationes

290 783 350 844 boc
365 782 469 844 ordine
481 782 701 864 disponuntur,
723 790 758 840 ut
770 801 808 840 ex
820 781 857 840 iis
872 789 939 861 post
952 779 1114 838 discessum
1133 799 1173 839 ex
1189 780 1339 860 Aegypto
1355 781 1399 840 ud

290 869 489 929 imtsurstum
507 887 604 948 usque
616 867 761 948 templum
779 870 851 932 600.
871 885 963 923 annos
983 865 1133 942 collegisse
1149 865 1305 942 Georgius
1324 885 1400 924 eon.

292 953 405 1016 cludet.
442 953 549 1030 blesis,
571 953 690 1012 emeris
703 951 830 1011 trensitu
845 949 888 1010 sd'
897 949 1009 1009 obitum
1025 952 1076 1016 40.
1092 950 1180 1024 unni,
1198 968 1279 1027 quos
1296 951 1399 1029 possit

292 1039 439 1100 Eusebius
451 1038 483 1097 in
497 1038 661 1098 Chronico:
683 1045 748 1095 tum
760 1036 844 1095 losue
858 1035 1063 1116 preelectum
1077 1036 1207 1100 000127.
1220 1053 1262 1092 ex
1276 1035 1395 1094 0001000

291 1123 440 1184 Chronico
454 1131 663 1183 nauseatur:
685 1120 738 1180 His
751 1119 827 1178 udde
835 1165 844 1196 ,
866 1119 952 1178 etiam
964 1118 1091 1178 Eusebio
1106 1119 1266 1195 innitente,
1289 1119 1392 1178 modo

291 1209 474 1286 Scriptursns
497 1216 526 1264 et
547 1206 630 1266 Psuli
656 1203 746 1264 verbs
765 1223 827 1263 non
846 1204 998 1277 exsibilet,
1031 1202 1168 1264 Indicum
1191 1223 1283 1262 senos
1304 1205 1391 1270 450.

290 1293 387 1354 800110
402 1289 509 1350 deinde
523 1289 705 1367 Davidisque
718 1309 819 1367 regum
836 1309 874 1348 ex
893 1290 1024 1370 praelato
1041 1287 1191 1348 Chronico
1213 1309 1306 1346 ennos
1328 1293 1388 1354 80.

289 1387 354 1436 tum
373 1373 501 1452 denique
521 1375 688 1433 Salomonis
708 1382 787 1449 tres,
815 1383 922 1454 quarto
944 1373 1057 1454 quippe
1077 1393 1159 1432 snno
1182 1374 1285 1453 templi
1307 1373 1389 1432 iecit

288 1459 498 1522 fundamenta:
520 1458 567 1520 bis
583 1459 616 1518 10
629 1479 720 1518 unsm
733 1479 878 1518 summum
891 1457 1077 1533 coacervetis,
1094 1460 1229 1518 sexcenti
1240 1468 1389 1516 accurate

287 1553 318 1604 st
337 1543 452 1620 integre
476 1545 667 1624 colliguntur.
710 1545 842 1624 Aequent
861 1544 950 1622 igitur
969 1544 1001 1602 in
1021 1542 1181 1603 Eusebium
1206 1543 1388 1602 inunum

288 1629 433 1707 Georgius
450 1627 542 1710 tulit,
564 1649 600 1688 sc
621 1649 685 1688 esm
705 1650 743 1688 ex
763 1649 856 1708 aequo
872 1638 901 1688 et
916 1629 995 1687 bono
1015 1629 1091 1686 leret
1109 1629 1257 1708 Scaliger,
1280 1627 1386 1704 decet,

288 1733 420 1782 severam
435 1715 623 1796 qusntumsis
639 1733 705 1794 pag.
720 1714 786 1774 Not.
799 1717 849 1780 67.
873 1721 1069 1792 conqueratur
1085 1711 1134 1772 bis
1150 1713 1261 1776 verbis.
1292 1714 1388 1772 Geor-

288 1802 363 1879 gius
383 1793 635 1880 Εὗσεβιομάστιξ,
657 1802 710 1879 qui
727 1799 808 1858 nihil
821 1801 915 1878 prius
938 1801 972 1858 in
992 1795 1112 1856 deliciis
1130 1797 1261 1873 babuit,
1291 1819 1387 1877 quam

290 1884 457 1946 Eusebium
477 1887 645 1964 exagitare,
670 1885 770 1962 plura
792 1883 850 1941 lsoc
868 1884 932 1942 loeo
954 1887 986 1941 in
1012 1881 1182 1942 Eusebium
1203 1882 1322 1940 sustu.
1356 1883 1388 1940 Is

291 1991 362 2029 sane
382 1979 426 2028 est
445 1979 545 2030 noster
567 1967 727 2045 Georgius,
748 1988 786 2026 ns
799 1966 858 2026 boc
874 1968 910 2027 de
929 1968 982 2026 illo
999 1967 1107 2026 tacitus
1126 1977 1326 2048 praeteream,
1347 1977 1386 2026 ut

292 2055 383 2116 olium
402 2054 590 2134 impetiturus
607 2053 824 2126 adversarium,
847 2062 893 2128 et,
913 2063 949 2111 ut
963 2052 1058 2130 siunt,
1080 2052 1119 2110 ad
1138 2052 1293 2111 hominem
1308 2061 1387 2111 stru-

292 2139 348 2198 ctis
362 2138 540 2214 argumentis
556 2146 585 2196 et
602 2135 735 2195 cominus
750 2146 983 2216 oppugnaturus,
1005 2157 1042 2196 ex
1057 2136 1128 2195 solis
1144 2137 1210 2196 eius
1225 2137 1315 2196 dietis
1327 2157 1387 2196 non

290 2231 451 2298 componat
473 2220 659 2296 mechinsm3
690 2221 743 2281 sed
763 2229 828 2281 tum
847 2241 885 2281 ex
907 2223 1043 2302 propris,
1071 2231 1137 2280 tum
1162 2241 1201 2281 ex
1222 2222 1385 2282 sdverssn'i

289 2304 376 2382 sylus
393 2304 528 2384 colligata
549 2305 617 2364 Uno
632 2304 724 2364 verbo
738 2309 917 2367 contrarium
931 2307 1106 2366 sententium
1119 2325 1158 2366 ex
1173 2305 1282 2386 ipsius,
1303 2305 1385 2386 qued
1435 2305 1436 2310 ’

288 2389 456 2470 promittit,
476 2389 577 2452 verbis
600 2391 818 2468 debellaturus,
844 2393 999 2472 proprium
1015 2391 1136 2451 insimul
1152 2392 1296 2450 admiscet
1310 2411 1384 2448 sen-

288 2493 372 2550 sum,
398 2483 427 2533 et
440 2485 506 2534 tum
522 2495 559 2535 ex
571 2476 710 2557 proprio,
731 2485 796 2536 tuus
810 2495 848 2535 ex
862 2476 1024 2536 adversarii
1039 2495 1140 2552 seusu,
1164 2475 1302 2536 fslsitstis
1313 2495 1383 2534 eum

289 2557 468 2620 convincere
482 2561 613 2621 molitur.
648 2561 697 2622 An
709 2560 769 2620 boc
782 2571 871 2640 pacto
888 2562 966 2639 leges
982 2561 1009 2620 ei
1022 2561 1108 2638 belli,
1130 2570 1163 2620 et
1177 2563 1265 2641 aequi
1282 2561 1383 2620 blattis

288 2643 354 2704 iure
373 2655 544 2722 serventur,
568 2647 644 2706 elius
658 2645 850 2706 iudicaverite
872 2645 956 2706 Vires
978 2655 1008 2705 et
1029 2645 1213 2706 industrium
1231 2646 1383 2706 buhtoris

288 2730 420 2811 aperire,
442 2751 516 2810 quse
533 2751 596 2791 mes
611 2730 684 2790 fides
700 2740 759 2808 est,
782 2731 855 2790 setis
871 2731 947 2791 tuit:
970 2749 1027 2810 qua
1047 2731 1096 2790 vis
1118 2732 1338 2805 000010011001,
1363 2751 1382 2787 a

288 2815 395 2894 populi
409 2817 492 2876 exitu
508 2817 547 2876 ed
559 2816 713 2876 conditum
727 2817 870 2895 templum
886 2821 956 2881 600.
970 2835 1062 2874 annos
1074 2825 1210 2876 numeret
1222 2815 1380 2889 Eusebius,

287 2899 375 2958 facile
406 2901 653 2980 deprehendetur.
702 2901 792 2972 Quod
813 2901 851 2960 sd
872 2900 1005 2960 Africani
1029 2910 1200 2981 computum
1220 2899 1263 2957 nil
1285 2900 1322 2958 in
1343 2918 1381 2957 eo

287 2985 418 3061 portenti
443 2994 502 3060 est,
524 3007 612 3064 quem
632 2985 712 3064 quod
727 2985 844 3044 Autbor
862 2985 967 3062 linxit,
989 2985 1077 3044 etiem
1099 2985 1229 3066 propriis
1253 2984 1296 3044 sd
1318 2983 1382 3042 eius

288 3069 441 3146 exemplar
454 3070 575 3148 digestis
590 3069 719 3130 calculis.
760 3070 809 3128 llli
829 3090 900 3129 vero
921 3071 957 3128 eb
979 3069 1093 3129 lsreslis
1112 3072 1169 3129 sub
1184 3069 1264 3128 blose
1284 3071 1381 3150 prole-

289 3149 388 3210 ctione
403 3153 440 3210 ed
455 3154 584 3233 primurn
597 3155 703 3234 templi
720 3154 850 3233 positum
867 3155 997 3236 lapidem
1012 3159 1082 3220 659.
1098 3153 1240 3214 exhibent
1255 3153 1316 3214 boc
1331 3173 1379 3212 or-

279 3233 366 3320 dine.
408 3237 497 3298 Musis
512 3239 562 3305 40.
577 3241 663 3300 losue
678 3245 730 3304 27.
747 3239 902 3299 Senioruns
920 3245 971 3306 80.
993 3239 1129 3299 Indicum
1150 3239 1377 3305 4501101110·

287 3320 476 3392 80000100
498 3325 643 3391 800140.
665 3324 760 3384 David
782 3325 833 3390 40.
855 3325 1021 3384 Salomonis
1044 3325 1074 3389 4.
1103 3343 1220 3383 summa
1244 3334 1287 3383 est
1305 3325 1376 3389 671.

286 3401 368 3464 Huic
382 3405 457 3464 sdde
471 3413 522 3473 70.
538 3429 613 3487 quos
624 3408 764 3468 Africano
776 3409 943 3490 superfluos
956 3409 1120 3488 exprobret
1130 3409 1287 3485 Eusebius,
1308 3427 1379 3484 qus-

190 3555 194 3564 ,
287 3487 423 3566 draginta
445 3491 565 3569 quidem
587 3487 746 3595 decuplae,
774 3504 804 3554 et
823 3487 946 3575 εἰρήνης
966 3493 1104 3572 triginta,
1133 3513 1280 3553 summam
1310 3493 1376 3558 741.

287 3593 375 3652 quum
389 3593 459 3634 vere
476 3573 554 3659 sinin
571 3573 608 3638 roi
621 3591 686 3657 ψμ.
704 3579 753 3659 inp
770 3579 922 3657 collegisse
937 3579 1127 3654 Africanum,
1149 3577 1212 3638 boc
1226 3588 1272 3638 est
1286 3595 1376 3636 sunus

287 3660 360 3726 741.
390 3661 534 3740 Georgius
556 3661 726 3740 scripserit,
754 3663 843 3722 etiem
864 3683 1056 3724 numerorum
1080 3663 1240 3743 inexperto
1264 3669 1377 3722 consta-

286 3743 342 3806 bit.
364 3747 423 3806 Suo
437 3756 537 3806 temen
551 3766 633 3806 more
641 3789 650 3822 ,
665 3747 697 3805 id
713 3757 758 3806 est
769 3747 803 3808 10
816 3748 1021 3810 adversarium
1034 3749 1123 3828 peulo
1139 3749 1270 3826 iniquius
1282 3749 1375 3806 Geor-

285 3829 367 3908 gium
384 3851 484 3909 egere,
507 3841 537 3892 et
550 3851 589 3892 ex
605 3831 737 3911 propriis
754 3833 918 3913 alienisque
928 3835 1081 3894 sententiis
1097 3833 1305 3910 conglobatum
1319 3831 1377 3888 ali-

286 3915 368 4018 ‹puod
389 3927 595 3995 argumentum
610 3917 740 3994 obiicere
761 3917 895 3978 adverto.
926 3918 1117 3998 Septuaginta
1134 3919 1282 3998 siquidem
1296 3913 1373 3989 anni,

285 4001 429 4079 0000χίος
443 4002 655 4080 qusdrsgints,
679 4010 707 4060 et
725 3997 846 4083 εἰρήνης
859 4002 1000 4080 triginta,
1023 4023 1099 4082 quos
1118 4003 1249 4066 οἴκοθεν
1269 4003 1305 4062 ds
1323 4019 1374 4059 suo

284 4085 435 4146 addidisse
448 4087 620 4149 Alsicenusn
632 4097 771 4146 censetur
784 4087 930 4146 Eusebius
946 4087 1011 4146 eliis
1026 4089 1099 4153 450.
1121 4087 1277 4148 ludicibus
1290 4083 1372 4146 0101-

285 4165 366 4226 butis
379 4170 587 4230 continentur:
610 4171 662 4252 qui
676 4171 747 4230 licet
759 4172 795 4230 eb
810 4171 929 4232 Eusebii
944 4181 1085 4252 computo
1098 4171 1158 4230 sint
1171 4173 1274 4250 alieni,
1291 4171 1371 4231 sdoo·

286 4267 344 4342 pue
360 4253 560 4315 redundantes
576 4255 689 4316 iudicet
699 4255 857 4332 Eusebius,
880 4255 1014 4316 Africani
1028 4267 1128 4315 100100
1144 4268 1289 4337 computo
1305 4259 1369 4312 suut

284 4333 400 4408 mimi,
421 4345 452 4394 st
463 4347 496 4398 ut
510 4339 658 4418 perseius
672 4341 1045 4402 totamsubeuutmolemr
1067 4339 1201 4422 adeoque
1217 4340 1369 4402 00000101·
