2888 4714
401 363 462 435 Er
481 363 834 438 mortuellus
1060 353 1137 430 447

16 515 17 520 ’
54 519 174 584 tieribra
187 517 348 582 edmieeere
361 519 515 601 probatur.
550 523 713 582 Teuticum
727 521 807 582 eninr
825 521 862 582 ed
876 541 988 583 annum
1002 521 1138 584 dbrrbee

56 607 123 674 818.
135 605 297 686 Crotopum
310 604 350 666 ad
368 606 497 667 eiuedem
510 606 583 672 611.
596 607 690 668 refert
704 606 848 668 Eueebiua
860 607 893 668 in
906 607 1067 670 Chronico.

135 729 203 788 Τῶν
216 723 247 800 ἒξ
257 717 349 804 ’Adde
363 723 437 787 ἐτοῖν
450 715 493 805 ἦν
505 718 643 807 moed]
664 722 805 784 blendum
820 725 853 783 in
863 723 911 786 hir
923 725 1021 788 verbio
1037 723 1135 808 euepi-

61 821 136 870 eatae
148 809 278 888 Scaliger
292 809 426 872 dnimed.
443 827 510 890 pag.
529 811 580 874 81.
595 807 705 886 ingerit
718 829 750 867 ae
765 809 992 874 emendatorem.
1020 813 1136 890 Legen-

57 897 139 973 dum‚
163 895 281 974 inquit,
310 887 421 978 ,nobb
455 891 564 951 Unde'l
591 893 623 951 Si
645 892 721 950 bene
745 903 874 953 mentem
897 895 958 954 eiue
986 915 1136 977 assequor,

57 981 178 1040 miculos
191 979 235 1038 ite
251 978 426 1058 composuit.
468 975 605 1057 Aprimo
622 975 728 1036 mundi
741 987 850 1038 exortu
865 978 902 1038 ed
918 978 1065 1040 Abraham
1080 1002 1137 1040 nu-

56 1066 173 1126 meravit
185 1063 330 1123 Eueebiue
342 1062 436 1131 8181.
451 1082 562 1139 annot,
584 1071 613 1121 et
626 1061 663 1121 eb
681 1061 815 1122 Abrahae
829 1063 922 1122 natali
944 1065 982 1122 ed
998 1065 1137 1146 Cecropio

59 1155 185 1230 quintum
200 1167 289 1228 cupre
303 1147 575 1228 quadregeaimum,
598 1167 657 1226 quo
676 1147 803 1206 eolutem
818 1148 945 1228 Aegypti
963 1149 1136 1208 servitutem

57 1235 152 1295 scribit
166 1233 327 1308 Eueebiue,
350 1231 424 1292 alioe
440 1234 511 1300 605.
528 1229 632 1312 quibua
647 1231 770 1292 intereo
787 1233 898 1292 iunctie
915 1253 1028 1293 tumme
1044 1237 1136 1299 8689.
1152 1235 1187 1292 V.
1202 1231 1237 1294 41

58 1321 208 1398 colligitur.
250 1317 333 1378 Haec
350 1317 418 1393 ille,
446 1317 557 1396 absque
577 1317 688 1376 arbitro
707 1337 846 1378 numeror
868 1337 941 1398 quoe
961 1319 1044 1378 lubet
1062 1339 1138 1399 pro-

57 1407 158 1480 fereus,
181 1411 213 1464 et
232 1421 322 1482 quem
339 1402 422 1482 cupit
438 1400 510 1482 ipae·
522 1402 652 1460 referene
674 1423 828 1465 eummam.
873 1403 981 1465 Verum
1001 1404 1139 1484 quamvie

57 1489 87 1548 eb
101 1489 179 1551 orbie
204 1485 329 1546 exordio
350 1489 388 1544 ed
406 1485 545 1567 Cecropia
563 1506 675 1546 aunum
695 1487 747 1554 45.
762 1487 908 1548 Eusebius
926 1509 1020 1549 ennoe
1043 1491 1138 1556 3689.

57 1575 146 1656 lapeoe
161 1581 293 1647 statuet,
313 1571 356 1630 nil
378 1571 476 1631 minue
491 1581 590 1630 tamen
606 1591 694 1648 quem
708 1571 782 1632 ietoe
797 1573 917 1632 denotat
931 1574 1064 1651 Aether,
1086 1573 1140 1635 aed

55 1659 161 1740 proprii
176 1656 306 1716 Canonie
319 1676 411 1715 annor
424 1649 548 1740 ffiud'.
561 1659 654 1723 8989.
677 1657 718 1715 De
733 1677 792 1738 quo
806 1657 951 1738 siquidem
964 1660 1021 1718 alio
1033 1659 1140 1718 mundi

56 1765 125 1804 enno
142 1745 221 1803 foret
232 1741 280 1801 illi
294 1741 496 1802 instituendae
510 1761 615 1816 termo,
637 1761 724 1821 quam
739 1743 776 1802 de
792 1761 836 1819 eo,
858 1763 945 1822 quem
960 1744 992 1802 in
1006 1743 1072 1803 dod
1085 1749 1138 1810 22.

55 1828 246 1890 incurrentem
261 1825 417 1886 confestim
438 1823 611 1904 aubiuugitl
638 1830 700 1888 reio
714 1826 745 1904 ἐξ
757 1822 850 1908 biddu
866 1829 940 1892 trev
955 1822 997 1910 ἦν
1013 1821 1139 1912 ,yibwss

54 1908 104 1994 ιβ’.
117 1917 172 1978 τοῦ
187 1905 271 1974 bede.
310 1910 350 1970 At
366 1929 404 1969 ex
422 1909 539 1972 Euaebii
555 1909 725 1986 Chronicia,
746 1911 812 1973 tod
826 1933 923 1973 annue
937 1921 986 1982 22
1002 1913 1138 1975 Abrahae

54 2003 121 2063 688.
134 1995 239 2055 mundi
250 1997 343 2062 3822.
364 1995 453 2055 etiem
468 2004 667 2076 computetur.
710 1997 770 2056 Ubi
791 2019 873 2058 nunc
889 2018 983 2058 ennue
997 1999 1047 2060 ille
1064 1999 1138 2057 Sca-

53 2082 210 2159 ligerinnue
222 2081 309 2146 3689.
322 2099 360 2140 ex
374 2081 502 2162 Eueebio
513 2081 545 2140 in
560 2079 629 2140 eod
642 2085 693 2148 22
708 2081 867 2144 incidene'l
890 2085 937 2144 td
952 2084 1140 2167 propoeitum

53 2167 154 2244 itaque
168 2183 332 2226 numerum.
373 2166 457 2242 dod,
477 2166 577 2247 inquit
598 2165 716 2226 Autbor
729 2167 819 2248 paulo
841 2167 920 2229 infre
940 2165 1035 2252 tto'eq
1056 2163 1140 2250 nepai

56 2252 148 2324 Θεοῦ,
175 2251 229 2311 τοῦ
247 2243 361 2328 κόσμου
386 2247 501 2337 ,770qu
527 2248 610 2319 eod,
638 2251 775 2330 iuquam,
796 2255 1000 2334 praefecturae
1023 2255 1140 2338 primue

56 2353 143 2393 annue
159 2333 264 2394 mundi
278 2338 373 2402 8968.
390 2337 581 2414 consignetur
590 2343 652 2394 eet:
672 2355 854 2417 conrequena
865 2339 958 2418 igitur
965 2347 1016 2409 22.
1031 2337 1139 2400 mundi

58 2421 141 2488 8989.
154 2419 345 2498 adiungitur,
368 2421 418 2500 qui
434 2419 573 2500 Cecropia
584 2419 707 2499 quintue
722 2441 810 2502 eupre
827 2424 1093 2502 quadragesimum.

130 2519 273 2604 Διβδᾶν]
291 2521 435 2582 Eusebio·
451 2523 574 2582 Letinue
588 2541 649 2603 pro
660 2521 874 2602 exemplarium
886 2523 1029 2584 verietate
1043 2527 1142 2586 diver-

59 2603 92 2662 eie
105 2605 177 2666 adeo
193 2607 290 2666 modia
304 2605 365 2666 hoo
385 2607 521 2668 Herculio
540 2607 721 2688 pronunciet
738 2617 980 2686 cognomentum,
1000 2617 1037 2667 nt
1052 2609 1143 2668 faeti·

60 2689 133 2749 dium
146 2691 280 2751 recensio
296 2691 401 2772 pariat.
443 2693 555 2751 Extant
567 2692 646 2752 inter
660 2692 784 2751 Pontici
801 2701 887 2752 notae
904 2691 936 2752 in
953 2691 1027 2752 hoec
1040 2693 1143 2756 verbe.

60 2776 197 2834 Herculeo
215 2787 410 2856 cognomento
422 2775 575 2837 Deer'reaue
586 2785 644 2839 etc.
657 2776 690 2835 in
705 2796 779 2856 quae
794 2777 895 2837 teribit
910 2777 970 2837 ille.
998 2775 1143 2857 Longino

17 2865 19 2878 '
58 2865 177 2936 petitum
197 2859 393 2940 crediderim,
414 2864 443 2920 ei
459 2861 498 2922 ab
516 2863 610 2922 altero
627 2861 682 2921 illo
702 2861 852 2924 Bodolvcv
869 2859 1036 2926 derivaris:
1057 2859 1145 2944 quod

61 2955 148 3006 temen
167 2949 233 3005 viro
251 2945 426 3006 doetieeimo
442 2945 529 3006 video
544 2959 696 3028 utcunque
709 2947 848 3026 probari.
876 2945 992 3009 Merito.
1020 2949 1141 3030 Διβδᾶν

61 3029 124 3091 euin
139 3041 171 3092 et
182 3033 334 3098 Bodelvee
345 3031 531 3094 doctiuimua
544 3032 595 3096 ille
610 3033 660 3094 vir
677 3052 765 3094 roceo
780 3051 869 3112 quem
884 3031 940 3092 eibi
953 3033 1141 3116 propinquae

61 3117 256 3192 persentiebat.
299 3119 430 3200 Scaliger
451 3119 576 3184 Διωδᾶν
597 3117 670 3198 legit
694 3137 734 3178 ex
758 3116 951 3178 similitudine
967 3120 991 3202 β
1010 3128 1041 3180 et
1058 3143 1085 3184 ee
1104 3119 1140 3182 in

61 3203 213 3284 exemplari
231 3201 293 3264 MS.

129 3307 200 3384 Peg.
223 3305 295 3372 164.
315 3295 477 3388 Ἀσσυρίων
492 3299 526 3370 t'.
541 3303 731 3387 ἐβασίλευσεν
745 3295 891 3386 Kalliroe]
914 3303 1029 3366 colluto
1044 3303 1142 3366 Geor·

62 3385 206 3461 giieudice
218 3409 288 3450 cum
302 3390 408 3450 Latino
424 3390 552 3452 Eaeebie
568 3411 637 3452 cum
648 3409 751 3472 parem
765 3387 923 3469 utrobique
935 3409 1036 3470 regum
1047 3391 1142 3472 dany-

62 3471 163 3536 riorum
183 3494 341 3536 numerum
361 3495 423 3536 non
445 3477 637 3558 comperisset
659 3474 791 3553 Scaliger
798 3495 808 3552 ς
828 3493 970 3556 nequem
988 3476 1145 3558 componit

64 3554 182 3622 Graecus
198 3561 306 3622 Letiuo
322 3561 545 3638 adversaretur,
568 3560 715 3624 Graecum
734 3579 772 3619 ex
785 3559 891 3621 Latino
906 3561 1044 3642 deinceps
1058 3581 1144 3620 com·

64 3645 151 3724 ponit,
175 3655 206 3706 et
228 3645 356 3712 drebelo
379 3643 489 3706 Chalae
510 3647 614 3708 Anebo
633 3657 664 3710 et
679 3643 771 3708 Babio
785 3645 959 3727 expunctio,
979 3655 1049 3728 poet
1060 3644 1144 3705 Teu-

65 3733 146 3790 laeum
169 3732 329 3794 confertim
348 3729 512 3794 Tbinreum
535 3739 566 3792 et
588 3742 762 3813 aequentee,
789 3740 909 3812 praeter
928 3725 1146 3812 precberem‚

66 3810 196 3896 tdiungit.
238 3817 307 3893 Quo
337 3825 455 3878 conatet
482 3835 539 3878 nee
559 3813 721 3897 Georgium
739 3835 777 3876 ex
799 3814 927 3878 Eueebio
957 3821 1066 3874 ennete
1091 3831 1146 3872 ena
1197 3812 1209 3835 ⁸

66 3891 198 3962 Chronica
217 3901 415 3984 domnione,
449 3923 507 3964 nec
534 3901 697 3968 Eueebium
719 3899 831 3981 ubique
854 3919 893 3962 ez
915 3897 1044 3976 Georgio
1062 3905 1147 3959 recte

66 3994 136 4054 Poeta
152 3985 349 4068 interpolari3
372 4007 441 4050 cnm
459 3989 494 4050 in
512 3987 644 4069 Assyrii·
661 3999 692 4050 et
706 3989 740 4050 in
753 3987 819 4046 eliie
837 3983 988 4066 pluitque
1001 3982 1147 4044 Emebiae

66 4078 160 4150 unum,
191 4071 336 4153 Georgica
363 4074 492 4138 alterum
520 4073 693 4152 authento,
731 4071 881 4150 codicem,
912 4087 1072 4131 nummum
1096 4086 1147 4130 ee-

67 4161 165 4222 qutlur.
717 4213 720 4220 .

44 4255 49 4262 ”
84 4329 90 4344 ⁸
134 4255 204 4336 Peg.
227 4257 298 4326 156.
319 4255 383 4324 Καὶ
401 4253 540 4344 δεύτερος
560 4252 744 4340 Turrim]
773 4255 809 4318 ln
825 4252 886 4318 boc
905 4271 1032 4316 concon
1047 4252 1146 4315 Geor·

68 4347 121 4407 tw
131 4340 254 4406 Emabio
260 4387 271 4424 ,
292 4344 373 4427 quod
384 4353 513 4428 uterque
525 4343 583 4407 tab
593 4343 717 4427 Aaeyrio
732 4344 868 4406 Tantane
881 4337 1002 4407 rmum
1016 4339 1147 4404 excitem
