2888 4714
279 333 357 410 496
645 339 992 416 mimnsrlonus

179 533 186 544 ·
278 502 363 564 velut
377 502 466 563 {luxu
484 497 647 582 procedens
662 518 702 561 ex
724 497 868 561 humoris
885 498 1025 558 instituto
1045 495 1219 560 deddmto
1237 503 1384 563 restitus.

278 598 332 648 tnr
345 587 452 649 ordini.

361 673 427 749 Peg.
449 671 519 737 234.
542 666 610 751 Πρό
631 671 687 750 τῆς
709 669 821 742 τελείας
844 667 1043 748 αἰχμαλωσίας
1062 665 1162 730 ἔτεσιν
1180 666 1243 749 xi]
1273 669 1381 730 Habes

275 756 365 837 poulo
379 758 515 836 superius
529 764 734 816 enumeratoss
755 755 867 814 ioaoim
880 757 910 817 8.
930 751 1088 812 lechoniae
1105 759 1131 821 1.
1153 753 1295 815 sedeciae
1319 761 1376 821 ss.

276 859 389 901 summa
407 847 458 907 20.
933 869 937 878 =

359 927 425 1004 Pag-
448 923 520 991 235.
542 927 644 1006 Κῦρος
664 915 751 997 οὗτος
771 921 889 1006 πολέμῳ
908 917 1117 1003 τόν’Κροῖσον
1138 919 1262 1001 ἔλαβεν]
1293 919 1376 979 initi

278 1011 363 1088 regni
378 1031 455 1069 anno
474 1009 522 1075 15.
538 1030 553 1068 a
567 1009 671 1068 mundi
685 1008 775 1068 natali
790 1009 882 1074 4966.
905 1005 1019 1066 Anthou
1033 1006 1157 1066 inferius
1170 1026 1232 1086 pag„
1248 1005 1372 1072 ΜΔ.

362 1097 430 1173 Peg.
453 1099 524 1161 236.
548 1099 650 1175 Κῦρος
659 1091 822 1173 Ἑλληνιστὶ
837 1093 966 1154 ἐκαλεῖτο
983 1085 1192 1173 Ἀρταξέρξης]
1221 1088 1373 1169 loscphua

279 1179 391 1243 Iudaic.
408 1181 476 1240 Ant.
493 1179 544 1238 h'b.
561 1184 609 1243 11.
627 1199 691 1256 cop.
707 1183 737 1243 7.
759 1177 888 1238 ineunte.
911 1172 1086 1254 stupendo
1100 1171 1372 1257 ἈρταξέρξηνἝλ-

279 1269 368 1346 impres
379 1268 528 1325 καλοῦσιν.
552 1263 679 1340 C’J‘rum,
701 1283 787 1341 quem
803 1264 914 1320 Graeci
930 1263 1126 1319 Artaxerxem
1144 1265 1304 1318 numbram.

365 1351 431 1424 Peg.
454 1351 524 1412 237.
547 1344 608 1410 Διὰ
623 1344 655 1409 τὸ
675 1344 749 1409 nerei
763 1341 890 1418 τούτους
906 1343 977 1418 τούς
994 1339 1119 1426 χρόνους
1131 1339 1262 1424 'Immeip
1273 1345 1369 1406 issico

280 1427 529 1512 ἀρχιερατεῦσαι]
559 1433 607 1491 Ex
629 1433 748 1512 scriptis
767 1433 803 1491 de
822 1429 923 1490 Iudith
942 1440 1076 1508 tempore
1098 1429 1270 1504 sententiis,
1289 1448 1369 1507 quac

279 1517 491 1595 Babylonicam
513 1519 688 1576 servitutem
711 1517 797 1576 docet
815 1535 985 1595 generosam
999 1515 1083 1573 illam
1106 1517 1266 1574 mulierem
1282 1523 1368 1572 ante-

280 1601 418 1679 cessisse,
446 1599 482 1658 ob
506 1601 638 1662 huthore
664 1603 782 1682 penitus
805 1601 910 1660 omina
934 1609 992 1674 est,
1020 1599 1105 1658 velut
1124 1599 1164 1658 ab
1189 1599 1251 1658 illis
1268 1598 1369 1658 utatis

195 1723 199 1732 -
280 1685 376 1745 aliena
395 1685 524 1747 ratione:
553 1707 626 1767 quae
645 1687 918 1766 Hierosolymorum
940 1683 1023 1742 clade
1047 1685 1248 1764 posteriorem
1263 1683 1371 1743 habent

278 1773 444 1831 ”censitae
458 1771 594 1850 quidem,
619 1781 649 1830 st
668 1791 700 1831 ee
715 1773 811 1830 solum
826 1780 957 1844 retenta,
980 1787 1053 1848 quea
1070 1771 1168 1828 Xerxi
1185 1779 1374 1829 coaetaneum

280 1855 438 1934 opinetur,
461 1857 544 1916 cuius
562 1857 755 1916 fundamenta
777 1857 932 1935 praecipua
954 1854 1079 1931 Georgio
1103 1863 1287 1929 memorata,
1318 1875 1375 1913 ceu

277 1941 381 2000 sedulo
396 1941 484 2018 digna
497 1943 630 2001 examine
644 1943 823 2000 recudimus.
864 1941 997 2000 Primum
1013 1937 1113 1996 verbis
1128 1939 1291 2020 propositio
1302 1959 1374 2016 aug-

277 2025 400 2103 geritur.
442 2027 552 2086 Xerxis
567 2036 681 2106 patrem
696 2026 816 2085 Darium
829 2045 908 2083 antro
923 2027 1013 2091 5028.
1028 2023 1059 2080 in
1076 2043 1171 2102 regno
1191 2024 1371 2104 excipientis

162 2161 167 2168 .
276 2119 427 2188 tempore,
449 2111 556 2168 Ioacim
579 2109 755 2182 teruntios,
777 2110 896 2169 Iosedec
918 2129 1028 2188 nepos,
1048 2107 1174 2169 Iudaico
1188 2108 1376 2170 Ponufiestn

279 2195 424 2254 eminebat
440 2193 476 2251 ab
493 2193 572 2251 orbis
588 2193 704 2252 conditi
721 2213 799 2252 atino
813 2197 906 2262 6012.
924 2204 1049 2272 uterque
1070 2213 1160 2268 vero,
1181 2215 1304 2253 sacrum
1323 2197 1375 2253 vi-

277 2275 385 2336 delicet
402 2276 471 2351 hic,
492 2277 543 2336 ille
562 2279 677 2356 regium
698 2299 807 2338 munus
823 2281 862 2338 ad
880 2283 989 2340 annum
1005 2278 1112 2337 mundi
1126 2280 1217 2346 5048.
1234 2277 1373 2336 admini-

275 2361 390 2436 stravit,
411 2370 445 2420 ut
458 2361 575 2422 Author
587 2363 762 2424 Iudaeorum
777 2364 956 2424 Pontificum
973 2373 1002 2423 et
1016 2365 1167 2424 Persarum
1177 2382 1279 2440 regum
1292 2382 1372 2442 pro-

274 2445 343 2524 prio
366 2446 498 2506 declarat
517 2447 678 2525 laterculo,
701 2459 731 2508 et
747 2471 800 2510 nos
819 2469 857 2510 ex
873 2451 938 2530 ipso
959 2447 1181 2526 chronologicis
1200 2447 1235 2505 in
1253 2447 1369 2506 tabuiis

276 2531 481 2610 exprimimus.
524 2533 635 2594 Ioacim
654 2544 755 2594 autom
776 2555 916 2613 magnum
930 2533 1134 2602 Sacerdotem,
1158 2532 1235 2592 bello
1250 2531 1370 2592 ludaeis

180 2609 214 2666 V·
227 2610 262 2668 58
278 2615 378 2692 illato,
401 2627 431 2676 et
449 2617 723 2680 Nabuchodonosor
736 2619 824 2678 minis
842 2620 978 2678 territum
993 2620 1087 2678 refert
1104 2615 1247 2677 historice
1264 2616 1374 2677 iudith

277 2713 417 2781 quartum
432 2711 540 2782 caput:
562 2703 629 2784 Ipse
644 2715 690 2763 est
705 2703 795 2781 igitur
809 2707 940 2780 Xerxes,
961 2701 1236 2762 Nabuchodonosor
1247 2703 1372 2762 nomine

275 2787 466 2866 indigitetur,
488 2789 570 2848 cuiue
586 2787 692 2848 ducem
711 2789 931 2869 Holcphernem
945 2787 1040 2848 virilis
1058 2787 1150 2846 animi
1169 2788 1277 2846 mulier
1296 2807 1367 2845 am-

274 2881 379 2951 putata
396 2873 511 2932 cervice
527 2873 645 2933 occidit.
682 2871 787 2948 Quid?
805 2875 886 2954 quod
899 2873 994 2952 capite
1005 2873 1060 2930 illo
1073 2871 1177 2932 Iudith
1187 2870 1254 2930 lihn‘
1268 2871 1300 2936 4.
1315 2871 1369 2930 Iu·

275 2955 416 3014 decorum
437 2977 534 3034 regern
556 2959 700 3018 recenseri
719 2959 853 3036 nullum,
877 2960 974 3018 nullas
993 2957 1055 3017 eius
1065 2957 1168 3032 birse,
1190 2956 1369 3029 consilium,

275 3060 361 3119 opem
376 3041 489 3100 nullam
505 3040 627 3120 referri,
648 3045 718 3102 satia
733 3044 863 3119 indicet,
885 3062 1040 3123 suppressa
1054 3041 1180 3101 Iudaeos
1191 3039 1274 3101 inter
1289 3045 1372 3121 regia

275 3123 435 3202 dignitate,
457 3126 708 3188 administrandae
724 3129 894 3208 provinciae
905 3135 1083 3208 potestatem
1101 3127 1291 3202 universam,
1313 3149 1371 3207 pe·

211 3275 215 3280 ,
274 3229 328 3269 nes
344 3210 469 3270 debilem
481 3213 575 3290 plebis
594 3215 715 3290 ducem,
738 3214 786 3272 val
804 3213 975 3273 Pontificem
987 3221 1061 3272 tunc
1075 3213 1222 3292 temporis
1237 3211 1366 3273 mussas

275 3295 417 3373 quocirca
443 3297 577 3376 periculo
603 3299 878 3359 Nabuchodonosor
906 3299 994 3358 armis
1018 3297 1173 3374 ingruenti
1201 3297 1365 3358 medium

274 3399 379 3455 omne,
403 3401 464 3439 non
479 3403 495 3438 a
513 3401 597 3461 rege,
619 3384 671 3442 sed
686 3383 722 3443 ab
734 3383 882 3443 imbecillo
896 3403 998 3442 senum
1019 3381 1109 3440 turba
1129 3391 1162 3442 et
1178 3401 1196 3440 a
1211 3379 1366 3442 Pontificio

273 3461 384 3522 Ioacim
403 3463 551 3524 industria
568 3469 723 3547 repetitur.
765 3471 808 3528 Et
817 3471 957 3546 fecerunt
963 3467 1032 3546 filii
1046 3467 1146 3526 Israel
1149 3512 1159 3542 ,
1182 3468 1266 3525 eiout
1274 3487 1370 3545 prce-

274 3559 390 3627 ceperat
403 3551 446 3608 eis
463 3549 578 3608 Ioace'm
592 3551 730 3611 canimus
745 3553 900 3630 Sacerdos,
916 3565 943 3612 et
952 3555 1081 3612 Senatus
1095 3554 1236 3610 uriiversi
1244 3554 1367 3632 populi,

275 3637 331 3715 qui
344 3633 565 3712 Hierosolymis
580 3635 765 3696 residebant:
786 3639 829 3697 ita
842 3659 872 3698 v.
888 3643 919 3704 7.
941 3636 1130 3697 celebratum
1149 3635 1238 3696 sudis
1257 3637 1367 3696 toaoim

274 3729 305 3778 et
319 3721 442 3778 Senatus
456 3737 581 3794 nomen,
602 3721 713 3781 Xerxis
732 3743 836 3782 vocem
857 3723 906 3784 vel
924 3721 1075 3783 Persicum
1095 3721 1261 3802 imperium
1280 3723 1369 3782 desi-

274 3803 393 3864 deratus
416 3825 478 3864 non
501 3804 610 3880 taceri,
638 3813 668 3864 et
689 3805 963 3868 Nabuchodonosor
985 3805 1177 3886 Assyriorum
1195 3807 1367 3887 principem

273 3889 362 3948 toties
383 3889 505 3966 iactari,
526 3887 747 3970 Holophernsm
766 3893 934 3974 principem
952 3891 1075 3952 virtutis
1090 3890 1204 3967 Assur,
1225 3892 1369 3970 Assyrio-

271 3993 339 4033 rum
356 3973 473 4054 copias,
495 3995 592 4052 arma,
614 3976 728 4052 socios,
749 3975 826 4036 bella
846 3978 936 4038 toties
950 3995 1011 4036 non
1023 3975 1174 4036 mentori
1186 3985 1250 4036 tota
1262 3975 1368 4036 Iudith

271 4056 396 4118 historia
409 4069 589 4139 peroptares.
632 4061 741 4122 Verum
764 4083 833 4123 cum
848 4083 942 4123 unum
960 4071 1032 4121 trino
1050 4061 1143 4121 suerit
1159 4062 1320 4122 Persarum
1338 4071 1368 4121 et

271 4141 460 4218 Assyriorum
477 4143 650 4223 imperium,
671 4147 823 4208 usitatiore
838 4148 895 4207 eibi
912 4167 987 4207 voce
1007 4145 1141 4206 Persicas
1156 4147 1240 4206 vires
1260 4146 1367 4205 decia-

271 4225 353 4283 ravit
375 4228 539 4306 Scriptura.
586 4231 728 4291 Hebraeis
748 4233 784 4290 ab
808 4232 930 4312 antiquo
956 4240 1028 4290 nota
1046 4231 1144 4290 fuerat
1168 4231 1361 4310 Assyriorum

273 4313 421 4384 potestas,
441 4321 534 4406 notus
546 4323 576 4376 st
588 4317 731 4395 probatus
742 4316 860 4378 hostilis
874 4337 978 4380 eorum
994 4315 1126 4378 animust
1146 4314 1208 4378 iam
1221 4335 1293 4378 cunr
1302 4313 1361 4375 ho-
