<?xml version="1.0" encoding="UTF-8"?>
<!DOCTYPE html PUBLIC "-//W3C//DTD XHTML 1.0 Transitional//EN"
    "http://www.w3.org/TR/xhtml1/DTD/xhtml1-transitional.dtd">
<html xmlns="http://www.w3.org/1999/xhtml" xml:lang="en" lang="en">
 <head>
  <title>
</title>
<meta http-equiv="Content-Type" content="text/html;charset=utf-8" />
  <meta name='ocr-system' content='tesseract 3.04.00' />
  <meta name='ocr-capabilities' content='ocr_page ocr_carea ocr_par ocr_line ocrx_word'/>
</head>
<body>
  <div class='ocr_page' id='page_1' title='image "./corpusscriptoru15niebgoog_0398.png"; bbox 0 0 2860 4714; ppageno 0'>
   <div class='ocr_carea' id='block_1_1' title="bbox 414 323 1295 442">
    <p class='ocr_par' dir='ltr' id='par_1_1' title="bbox 414 323 1295 442">
     <span class='ocr_line' id='line_1_1' title="bbox 414 323 1295 442; baseline 0.006 -7"><span class='ocrx_word' id='word_1_1' title='bbox 414 365 475 436; x_wconf 83' lang='lat' dir='ltr'><strong>nr</strong></span> <span class='ocrx_word' id='word_1_2' title='bbox 496 367 852 441; x_wconf 77' lang='lat' dir='ltr'><strong>nnuorsnonns.</strong></span> <span class='ocrx_word' id='word_1_3' title='bbox 1107 323 1183 442; x_wconf 80' lang='lat' dir='ltr'><strong>era</strong></span> <span class='ocrx_word' id='word_1_4' title='bbox 1291 413 1295 424; x_wconf 80' lang='lat'><strong>·</strong></span> 
     </span>
    </p>
   </div>
   <div class='ocr_carea' id='block_1_2' title="bbox 7 523 1338 4448">
    <p class='ocr_par' dir='ltr' id='par_1_2' title="bbox 86 523 1279 779">
     <span class='ocr_line' id='line_1_2' title="bbox 90 523 1279 606; baseline 0.01 -22"><span class='ocrx_word' id='word_1_5' title='bbox 90 523 301 591; x_wconf 67' lang='lat' dir='ltr'><strong>marathius.</strong></span> <span class='ocrx_word' id='word_1_6' title='bbox 326 543 391 606; x_wconf 91' lang='lat' dir='ltr'><strong>cap.</strong></span> <span class='ocrx_word' id='word_1_7' title='bbox 411 529 442 592; x_wconf 83' lang='grc'><strong>8.</strong></span> <span class='ocrx_word' id='word_1_8' title='bbox 467 523 640 588; x_wconf 83' lang='lat' dir='ltr'><strong>Chronicon</strong></span> <span class='ocrx_word' id='word_1_9' title='bbox 658 527 734 588; x_wconf 84' lang='lat' dir='ltr'><strong>illud</strong></span> <span class='ocrx_word' id='word_1_10' title='bbox 757 527 885 594; x_wconf 76' lang='lat' dir='ltr'><strong>nataris</strong></span> <span class='ocrx_word' id='word_1_11' title='bbox 904 529 941 591; x_wconf 88' lang='lat' dir='ltr'><strong>ab</strong></span> <span class='ocrx_word' id='word_1_12' title='bbox 956 529 1089 593; x_wconf 75' lang='lat' dir='ltr'><strong>duthore</strong></span> <span class='ocrx_word' id='word_1_13' title='bbox 1104 533 1180 594; x_wconf 89' lang='lat' dir='ltr'><strong>cita·</strong></span> <span class='ocrx_word' id='word_1_14' title='bbox 1191 539 1226 596; x_wconf 84' lang='lat' dir='ltr'><strong>V.</strong></span> <span class='ocrx_word' id='word_1_15' title='bbox 1245 540 1279 597; x_wconf 79' lang='lat' dir='ltr'><strong>tt</strong></span> 
     </span>
     <span class='ocr_line' id='line_1_3' title="bbox 89 609 1182 689; baseline 0.014 -22"><span class='ocrx_word' id='word_1_16' title='bbox 89 620 148 668; x_wconf 87' lang='lat' dir='ltr'><strong>tum</strong></span> <span class='ocrx_word' id='word_1_17' title='bbox 166 630 226 668; x_wconf 89' lang='lat' dir='ltr'><strong>non</strong></span> <span class='ocrx_word' id='word_1_18' title='bbox 245 621 292 670; x_wconf 88' lang='lat' dir='ltr'><strong>eat</strong></span> <span class='ocrx_word' id='word_1_19' title='bbox 308 609 512 689; x_wconf 81' lang='lat' dir='ltr'><strong>Marathonia,</strong></span> <span class='ocrx_word' id='word_1_20' title='bbox 535 614 574 673; x_wconf 92' lang='lat' dir='ltr'><strong>ob</strong></span> <span class='ocrx_word' id='word_1_21' title='bbox 594 633 787 674; x_wconf 88' lang='lat' dir='ltr'><strong>numerorum</strong></span> <span class='ocrx_word' id='word_1_22' title='bbox 807 625 838 675; x_wconf 92' lang='lat' dir='ltr'><strong>et</strong></span> <span class='ocrx_word' id='word_1_23' title='bbox 855 637 1003 680; x_wconf 85' lang='lat' dir='ltr'><strong>annorum</strong></span> <span class='ocrx_word' id='word_1_24' title='bbox 1023 619 1182 682; x_wconf 86' lang='lat' dir='ltr'><strong>conflictus</strong></span> 
     </span>
     <span class='ocr_line' id='line_1_4' title="bbox 86 695 810 779; baseline 0.014 -27"><span class='ocrx_word' id='word_1_25' title='bbox 86 695 159 754; x_wconf 88' lang='lat' dir='ltr'><strong>inter</strong></span> <span class='ocrx_word' id='word_1_26' title='bbox 171 705 332 774; x_wconf 87' lang='lat' dir='ltr'><strong>utrumque</strong></span> <span class='ocrx_word' id='word_1_27' title='bbox 349 695 542 757; x_wconf 88' lang='lat' dir='ltr'><strong>declarandos</strong></span> <span class='ocrx_word' id='word_1_28' title='bbox 556 699 589 757; x_wconf 92' lang='lat' dir='ltr'><strong>in</strong></span> <span class='ocrx_word' id='word_1_29' title='bbox 607 700 810 779; x_wconf 84' lang='lat' dir='ltr'><strong>sequentibus.</strong></span> 
     </span>
    </p>

    <p class='ocr_par' dir='ltr' id='par_1_3' title="bbox 85 775 1182 948">
     <span class='ocr_line' id='line_1_5' title="bbox 162 775 1182 864; baseline 0.008 -23"><span class='ocrx_word' id='word_1_30' title='bbox 162 778 326 858; x_wconf 67' lang='grc' dir='ltr'><strong><em>Ἡφαίστου</em></strong></span> <span class='ocrx_word' id='word_1_31' title='bbox 340 775 444 863; x_wconf 78' lang='grc' dir='ltr'><strong><em>χρόνος</em></strong></span> <span class='ocrx_word' id='word_1_32' title='bbox 460 777 517 846; x_wconf 89' lang='grc' dir='ltr'><strong><em>ον’κ</em></strong></span> <span class='ocrx_word' id='word_1_33' title='bbox 532 783 637 864; x_wconf 74' lang='grc' dir='ltr'><strong><em>ἐστίν]</em></strong></span> <span class='ocrx_word' id='word_1_34' title='bbox 659 785 850 846; x_wconf 76' lang='lat' dir='ltr'><strong>Marathonia</strong></span> <span class='ocrx_word' id='word_1_35' title='bbox 864 786 1039 848; x_wconf 79' lang='lat' dir='ltr'><strong>Chronicon</strong></span> <span class='ocrx_word' id='word_1_36' title='bbox 1052 787 1182 849; x_wconf 88' lang='lat' dir='ltr'><strong>Vulcani</strong></span> 
     </span>
     <span class='ocr_line' id='line_1_6' title="bbox 85 863 744 948; baseline 0.011 -25"><span class='ocrx_word' id='word_1_37' title='bbox 85 874 201 924; x_wconf 83' lang='lat' dir='ltr'><strong>aetatem</strong></span> <span class='ocrx_word' id='word_1_38' title='bbox 216 863 339 925; x_wconf 81' lang='lat' dir='ltr'>exhibet</span> <span class='ocrx_word' id='word_1_39' title='bbox 351 867 488 948; x_wconf 87' lang='lat' dir='ltr'><strong>superius</strong></span> <span class='ocrx_word' id='word_1_40' title='bbox 500 889 566 948; x_wconf 89' lang='lat' dir='ltr'><strong>pag.</strong></span> <span class='ocrx_word' id='word_1_41' title='bbox 584 874 633 936; x_wconf 89' lang='lat'><strong>18.</strong></span> <span class='ocrx_word' id='word_1_42' title='bbox 646 879 681 929; x_wconf 87' lang='lat' dir='ltr'><strong>et</strong></span> <span class='ocrx_word' id='word_1_43' title='bbox 697 877 744 936; x_wconf 82' lang='lat'><strong>19.</strong></span> 
     </span>
    </p>

    <p class='ocr_par' dir='ltr' id='par_1_4' title="bbox 83 946 1323 1204">
     <span class='ocr_line' id='line_1_7' title="bbox 151 946 1323 1040; baseline 0.003 -29"><span class='ocrx_word' id='word_1_44' title='bbox 151 946 258 1023; x_wconf 73' lang='grc' dir='ltr'><strong><em>Ἥλιος</em></strong></span> <span class='ocrx_word' id='word_1_45' title='bbox 278 949 442 1029; x_wconf 83' lang='grc' dir='ltr'><strong><em>Ἡφαίστου</em></strong></span> <span class='ocrx_word' id='word_1_46' title='bbox 464 953 684 1034; x_wconf 72' lang='grc' dir='ltr'><strong><em>ἐβασίλευσεν]</em></strong></span> <span class='ocrx_word' id='word_1_47' title='bbox 716 955 814 1015; x_wconf 88' lang='lat' dir='ltr'><strong>Etiam</strong></span> <span class='ocrx_word' id='word_1_48' title='bbox 840 976 895 1038; x_wconf 91' lang='lat' dir='ltr'><strong>pro</strong></span> <span class='ocrx_word' id='word_1_49' title='bbox 923 955 1028 1016; x_wconf 86' lang='lat' dir='ltr'><strong>diebus</strong></span> <span class='ocrx_word' id='word_1_50' title='bbox 1053 957 1180 1040; x_wconf 87' lang='lat' dir='ltr'><strong>sumptis</strong></span> <span class='ocrx_word' id='word_1_51' title='bbox 1198 963 1230 1018; x_wconf 78' lang='grc' dir='ltr'><strong>Ρ.</strong></span> <span class='ocrx_word' id='word_1_52' title='bbox 1244 963 1278 1026; x_wconf 75' lang='lat' dir='ltr'><strong>tt</strong></span> <span class='ocrx_word' id='word_1_53' title='bbox 1317 1005 1323 1014; x_wconf 94' lang='lat'><strong>.</strong></span> 
     </span>
     <span class='ocr_line' id='line_1_8' title="bbox 83 1033 1181 1120; baseline 0.011 -28"><span class='ocrx_word' id='word_1_54' title='bbox 83 1033 157 1093; x_wconf 80' lang='lat' dir='ltr'><strong>hisce</strong></span> <span class='ocrx_word' id='word_1_55' title='bbox 172 1035 260 1096; x_wconf 87' lang='lat' dir='ltr'><strong>annia</strong></span> <span class='ocrx_word' id='word_1_56' title='bbox 273 1037 364 1096; x_wconf 88' lang='lat' dir='ltr'><strong>alium</strong></span> <span class='ocrx_word' id='word_1_57' title='bbox 389 1043 440 1104; x_wconf 86' lang='lat'><strong>86.</strong></span> <span class='ocrx_word' id='word_1_58' title='bbox 457 1059 602 1099; x_wconf 86' lang='lat' dir='ltr'><strong>annorum</strong></span> <span class='ocrx_word' id='word_1_59' title='bbox 623 1041 685 1099; x_wconf 89' lang='lat' dir='ltr'><strong>Soli</strong></span> <span class='ocrx_word' id='word_1_60' title='bbox 702 1041 848 1120; x_wconf 76' lang='lat' dir='ltr'><strong>Aegyptio</strong></span> <span class='ocrx_word' id='word_1_61' title='bbox 870 1063 886 1098; x_wconf 92' lang='lat' dir='ltr'><strong>a</strong></span> <span class='ocrx_word' id='word_1_62' title='bbox 903 1041 1085 1104; x_wconf 88' lang='lat' dir='ltr'><strong>Manethone</strong></span> <span class='ocrx_word' id='word_1_63' title='bbox 1105 1065 1181 1104; x_wconf 88' lang='lat' dir='ltr'><strong>con-</strong></span> 
     </span>
     <span class='ocr_line' id='line_1_9' title="bbox 83 1125 955 1204; baseline 0.01 -25"><span class='ocrx_word' id='word_1_64' title='bbox 83 1141 227 1180; x_wconf 83' lang='lat' dir='ltr'><strong>cessorum</strong></span> <span class='ocrx_word' id='word_1_65' title='bbox 242 1139 401 1182; x_wconf 88' lang='lat' dir='ltr'><strong>numerum</strong></span> <span class='ocrx_word' id='word_1_66' title='bbox 417 1135 589 1204; x_wconf 85' lang='lat' dir='ltr'><strong>portentosa</strong></span> <span class='ocrx_word' id='word_1_67' title='bbox 603 1125 678 1184; x_wconf 90' lang='lat' dir='ltr'><strong>haec</strong></span> <span class='ocrx_word' id='word_1_68' title='bbox 691 1147 807 1185; x_wconf 80' lang='lat' dir='ltr'><strong>sumnia</strong></span> <span class='ocrx_word' id='word_1_69' title='bbox 826 1126 955 1188; x_wconf 84' lang='lat' dir='ltr'>excedit.</span> 
     </span>
    </p>

    <p class='ocr_par' dir='ltr' id='par_1_5' title="bbox 79 1201 1181 1372">
     <span class='ocr_line' id='line_1_10' title="bbox 160 1201 1181 1292; baseline 0.002 -22"><span class='ocrx_word' id='word_1_70' title='bbox 160 1205 233 1270; x_wconf 77' lang='grc' dir='ltr'><strong>Θεοὶ</strong></span> <span class='ocrx_word' id='word_1_71' title='bbox 246 1201 386 1288; x_wconf 69' lang='lat' dir='ltr'><strong>tuasne]</strong></span> <span class='ocrx_word' id='word_1_72' title='bbox 407 1211 555 1270; x_wconf 76' lang='lat' dir='ltr'><strong>Maiarum</strong></span> <span class='ocrx_word' id='word_1_73' title='bbox 569 1212 715 1288; x_wconf 85' lang='lat' dir='ltr'><strong>gentium:</strong></span> <span class='ocrx_word' id='word_1_74' title='bbox 741 1233 868 1292; x_wconf 85' lang='lat' dir='ltr'><strong>quorum</strong></span> <span class='ocrx_word' id='word_1_75' title='bbox 885 1233 938 1274; x_wconf 84' lang='lat' dir='ltr'><strong>sex</strong></span> <span class='ocrx_word' id='word_1_76' title='bbox 953 1212 1103 1271; x_wconf 75' lang='lat' dir='ltr'><strong>duntaxat</strong></span> <span class='ocrx_word' id='word_1_77' title='bbox 1116 1211 1181 1272; x_wconf 80' lang='lat' dir='ltr'><strong>Ma-</strong></span> 
     </span>
     <span class='ocr_line' id='line_1_11' title="bbox 79 1291 1095 1372; baseline 0.012 -23"><span class='ocrx_word' id='word_1_78' title='bbox 79 1291 165 1350; x_wconf 87' lang='lat' dir='ltr'><strong>nctho</strong></span> <span class='ocrx_word' id='word_1_79' title='bbox 178 1291 213 1350; x_wconf 91' lang='lat' dir='ltr'><strong>in</strong></span> <span class='ocrx_word' id='word_1_80' title='bbox 229 1311 318 1350; x_wconf 90' lang='lat' dir='ltr'><strong>auum</strong></span> <span class='ocrx_word' id='word_1_81' title='bbox 335 1294 518 1372; x_wconf 72' lang='lat' dir='ltr'><strong>diagramma</strong></span> <span class='ocrx_word' id='word_1_82' title='bbox 532 1297 645 1356; x_wconf 88' lang='lat' dir='ltr'><strong>retulit.</strong></span> <span class='ocrx_word' id='word_1_83' title='bbox 661 1334 665 1340; x_wconf 95' lang='lat'>-</span> <span class='ocrx_word' id='word_1_84' title='bbox 1092 1339 1095 1348; x_wconf 88' lang='lat'><strong>.</strong></span> 
     </span>
    </p>

    <p class='ocr_par' dir='ltr' id='par_1_6' title="bbox 79 1373 1182 1543">
     <span class='ocr_line' id='line_1_12' title="bbox 156 1373 1182 1463; baseline -0.001 -24"><span class='ocrx_word' id='word_1_85' title='bbox 156 1373 311 1458; x_wconf 79' lang='grc' dir='ltr'><strong><em>Ἦμίθειοι</em></strong></span> <span class='ocrx_word' id='word_1_86' title='bbox 334 1380 465 1460; x_wconf 81' lang='grc' dir='ltr'><strong><em>βασιλεῖς</em></strong></span> <span class='ocrx_word' id='word_1_87' title='bbox 487 1375 590 1463; x_wconf 70' lang='lat' dir='ltr'><strong>darei]</strong></span> <span class='ocrx_word' id='word_1_88' title='bbox 613 1379 767 1459; x_wconf 79' lang='lat' dir='ltr'><strong>Totidem,</strong></span> <span class='ocrx_word' id='word_1_89' title='bbox 790 1390 942 1462; x_wconf 86' lang='lat' dir='ltr'><strong>expuncto</strong></span> <span class='ocrx_word' id='word_1_90' title='bbox 959 1379 1104 1441; x_wconf 88' lang='lat' dir='ltr'><strong>scelerato</strong></span> <span class='ocrx_word' id='word_1_91' title='bbox 1118 1381 1182 1460; x_wconf 83' lang='lat' dir='ltr'><strong>Ty-</strong></span> 
     </span>
     <span class='ocr_line' id='line_1_13' title="bbox 79 1460 1181 1543; baseline 0.007 -23"><span class='ocrx_word' id='word_1_92' title='bbox 79 1460 183 1540; x_wconf 83' lang='lat' dir='ltr'><strong>phone.</strong></span> <span class='ocrx_word' id='word_1_93' title='bbox 197 1481 267 1543; x_wconf 90' lang='lat' dir='ltr'><strong>pag.</strong></span> <span class='ocrx_word' id='word_1_94' title='bbox 283 1468 332 1528; x_wconf 84' lang='lat'><strong>19.</strong></span> <span class='ocrx_word' id='word_1_95' title='bbox 348 1473 484 1526; x_wconf 88' lang='lat' dir='ltr'><strong>numerat</strong></span> <span class='ocrx_word' id='word_1_96' title='bbox 496 1465 651 1542; x_wconf 87' lang='lat' dir='ltr'><strong>Manetho,</strong></span> <span class='ocrx_word' id='word_1_97' title='bbox 674 1476 703 1525; x_wconf 92' lang='lat' dir='ltr'><strong>et</strong></span> <span class='ocrx_word' id='word_1_98' title='bbox 718 1487 821 1527; x_wconf 89' lang='lat' dir='ltr'><strong>eorum</strong></span> <span class='ocrx_word' id='word_1_99' title='bbox 833 1477 943 1527; x_wconf 87' lang='lat' dir='ltr'><strong>aetates</strong></span> <span class='ocrx_word' id='word_1_100' title='bbox 957 1468 995 1528; x_wconf 89' lang='lat' dir='ltr'><strong>ad</strong></span> <span class='ocrx_word' id='word_1_101' title='bbox 1011 1467 1092 1526; x_wconf 88' lang='lat' dir='ltr'><strong>solos</strong></span> <span class='ocrx_word' id='word_1_102' title='bbox 1108 1468 1181 1533; x_wconf 81' lang='lat'><strong>214.</strong></span> 
     </span>
    </p>

    <p class='ocr_par' dir='ltr' id='par_1_7' title="bbox 7 1545 1182 1694">
     <span class='ocr_line' id='line_1_14' title="bbox 7 1545 1182 1634; baseline 0.007 -29"><span class='ocrx_word' id='word_1_103' title='bbox 7 1571 9 1580; x_wconf 63' lang='grc'>’</span> <span class='ocrx_word' id='word_1_104' title='bbox 78 1567 168 1606; x_wconf 87' lang='lat' dir='ltr'><strong>annos</strong></span> <span class='ocrx_word' id='word_1_105' title='bbox 181 1546 327 1628; x_wconf 83' lang='lat' dir='ltr'><strong>provehit</strong></span> <span class='ocrx_word' id='word_1_106' title='bbox 340 1551 473 1630; x_wconf 85' lang='lat' dir='ltr'><strong>Scaliger</strong></span> <span class='ocrx_word' id='word_1_107' title='bbox 484 1550 610 1634; x_wconf 74' lang='grc' dir='ltr'><strong><em>ἡμίθεοι</em></strong></span> <span class='ocrx_word' id='word_1_108' title='bbox 623 1545 661 1616; x_wconf 80' lang='grc' dir='ltr'><strong>ν’.</strong></span> <span class='ocrx_word' id='word_1_109' title='bbox 678 1553 817 1634; x_wconf 80' lang='lat' dir='ltr'><strong>scripsit,</strong></span> <span class='ocrx_word' id='word_1_110' title='bbox 843 1549 1047 1612; x_wconf 69' lang='lat' dir='ltr'><strong>characterum</strong></span> <span class='ocrx_word' id='word_1_111' title='bbox 1063 1575 1093 1633; x_wconf 80' lang='grc' dir='ltr'><strong>η.</strong></span> <span class='ocrx_word' id='word_1_112' title='bbox 1108 1560 1138 1612; x_wconf 84' lang='lat' dir='ltr'><strong>et</strong></span> <span class='ocrx_word' id='word_1_113' title='bbox 1152 1573 1182 1614; x_wconf 88' lang='grc' dir='ltr'><strong>κ.</strong></span> 
     </span>
     <span class='ocr_line' id='line_1_15' title="bbox 78 1631 418 1694; baseline 0.003 -1"><span class='ocrx_word' id='word_1_114' title='bbox 78 1632 272 1694; x_wconf 80' lang='lat' dir='ltr'><strong>similitudine</strong></span> <span class='ocrx_word' id='word_1_115' title='bbox 288 1631 418 1694; x_wconf 86' lang='lat' dir='ltr'><strong>delusus.</strong></span> 
     </span>
    </p>

    <p class='ocr_par' dir='ltr' id='par_1_8' title="bbox 160 1715 1180 1801">
     <span class='ocr_line' id='line_1_16' title="bbox 160 1715 1180 1801; baseline 0 -21"><span class='ocrx_word' id='word_1_116' title='bbox 160 1717 268 1780; x_wconf 77' lang='lat' dir='ltr'><strong>statui</strong></span> <span class='ocrx_word' id='word_1_117' title='bbox 290 1715 346 1799; x_wconf 85' lang='lat' dir='ltr'><strong>ss&#39;.]</strong></span> <span class='ocrx_word' id='word_1_118' title='bbox 368 1721 492 1801; x_wconf 82' lang='lat' dir='ltr'><strong>Repono</strong></span> <span class='ocrx_word' id='word_1_119' title='bbox 512 1721 683 1784; x_wconf 78' lang='grc' dir='ltr'><strong><em>δυναστείαν</em></strong></span> <span class='ocrx_word' id='word_1_120' title='bbox 706 1715 750 1785; x_wconf 84' lang='grc' dir='ltr'><strong>ιε’.</strong></span> <span class='ocrx_word' id='word_1_121' title='bbox 770 1721 934 1783; x_wconf 72' lang='lat' dir='ltr'><strong>Confestim</strong></span> <span class='ocrx_word' id='word_1_122' title='bbox 953 1719 1098 1801; x_wconf 72' lang='lat' dir='ltr'><strong>siquidem</strong></span> <span class='ocrx_word' id='word_1_123' title='bbox 1113 1739 1180 1780; x_wconf 83' lang='lat' dir='ltr'><strong>aex.</strong></span> 
     </span>
    </p>

    <p class='ocr_par' dir='ltr' id='par_1_9' title="bbox 7 1803 1182 1891">
     <span class='ocr_line' id='line_1_17' title="bbox 7 1803 1182 1891; baseline 0.002 -29"><span class='ocrx_word' id='word_1_124' title='bbox 7 1867 9 1884; x_wconf 49' lang='lat'><strong>,</strong></span> <span class='ocrx_word' id='word_1_125' title='bbox 77 1811 106 1862; x_wconf 89' lang='lat' dir='ltr'><strong>ta</strong></span> <span class='ocrx_word' id='word_1_126' title='bbox 122 1803 238 1864; x_wconf 84' lang='lat' dir='ltr'><strong>decima</strong></span> <span class='ocrx_word' id='word_1_127' title='bbox 252 1815 452 1866; x_wconf 80' lang='lat' dir='ltr'><strong>memoratur:</strong></span> <span class='ocrx_word' id='word_1_128' title='bbox 473 1815 504 1867; x_wconf 90' lang='lat' dir='ltr'><strong>et</strong></span> <span class='ocrx_word' id='word_1_129' title='bbox 520 1827 588 1866; x_wconf 91' lang='lat' dir='ltr'><strong>cum</strong></span> <span class='ocrx_word' id='word_1_130' title='bbox 605 1809 709 1888; x_wconf 88' lang='lat' dir='ltr'><strong>plures</strong></span> <span class='ocrx_word' id='word_1_131' title='bbox 724 1809 785 1868; x_wconf 90' lang='lat' dir='ltr'><strong>sint</strong></span> <span class='ocrx_word' id='word_1_132' title='bbox 799 1807 900 1891; x_wconf 75' lang='grc' dir='ltr'><strong><em>γενεαὶ</em></strong></span> <span class='ocrx_word' id='word_1_133' title='bbox 914 1805 1061 1888; x_wconf 75' lang='lat' dir='ltr'><strong>ingnavis</strong></span> <span class='ocrx_word' id='word_1_134' title='bbox 1077 1807 1182 1886; x_wconf 85' lang='lat' dir='ltr'><strong>Dyna-</strong></span> 
     </span>
    </p>

    <p class='ocr_par' dir='ltr' id='par_1_10' title="bbox 7 1885 1257 2223">
     <span class='ocr_line' id='line_1_18' title="bbox 7 1885 1257 1972; baseline 0.003 -26"><span class='ocrx_word' id='word_1_135' title='bbox 7 1885 9 1968; x_wconf 57' lang='lat'>[</span> <span class='ocrx_word' id='word_1_136' title='bbox 78 1889 151 1966; x_wconf 84' lang='lat' dir='ltr'><strong>atie,</strong></span> <span class='ocrx_word' id='word_1_137' title='bbox 178 1910 238 1970; x_wconf 91' lang='lat' dir='ltr'><strong>pro</strong></span> <span class='ocrx_word' id='word_1_138' title='bbox 257 1889 381 1968; x_wconf 85' lang='lat' dir='ltr'><strong>singulis</strong></span> <span class='ocrx_word' id='word_1_139' title='bbox 402 1891 554 1971; x_wconf 85' lang='lat' dir='ltr'><strong>Dynaatiia</strong></span> <span class='ocrx_word' id='word_1_140' title='bbox 572 1913 635 1952; x_wconf 90' lang='lat' dir='ltr'><strong>non</strong></span> <span class='ocrx_word' id='word_1_141' title='bbox 657 1893 799 1953; x_wconf 85' lang='lat' dir='ltr'><strong>videntur</strong></span> <span class='ocrx_word' id='word_1_142' title='bbox 820 1893 956 1972; x_wconf 85' lang='lat' dir='ltr'><strong>singulae</strong></span> <span class='ocrx_word' id='word_1_143' title='bbox 977 1891 1182 1970; x_wconf 71' lang='lat' dir='ltr'><strong>generationes</strong></span> <span class='ocrx_word' id='word_1_144' title='bbox 1245 1951 1257 1962; x_wconf 78' lang='grc'>,</span> 
     </span>
     <span class='ocr_line' id='line_1_19' title="bbox 7 1971 1181 2062; baseline 0.006 -31"><span class='ocrx_word' id='word_1_145' title='bbox 7 1971 9 2018; x_wconf 44' lang='lat'>5</span> <span class='ocrx_word' id='word_1_146' title='bbox 79 1973 279 2052; x_wconf 75' lang='lat' dir='ltr'><strong>assignandae.</strong></span> <span class='ocrx_word' id='word_1_147' title='bbox 331 1973 450 2036; x_wconf 78' lang='lat' dir='ltr'><strong>Author</strong></span> <span class='ocrx_word' id='word_1_148' title='bbox 464 1971 545 2036; x_wconf 83' lang='lat' dir='ltr'><strong>inir&#39;a</strong></span> <span class='ocrx_word' id='word_1_149' title='bbox 569 1983 633 2040; x_wconf 77' lang='lat' dir='ltr'><strong>reaia</strong></span> <span class='ocrx_word' id='word_1_150' title='bbox 651 1974 709 2062; x_wconf 70' lang='grc' dir='ltr'><strong>γὰρ</strong></span> <span class='ocrx_word' id='word_1_151' title='bbox 724 1979 757 2042; x_wconf 77' lang='grc' dir='ltr'><strong><em>ἐν</em></strong></span> <span class='ocrx_word' id='word_1_152' title='bbox 771 1985 834 2050; x_wconf 82' lang='grc' dir='ltr'><strong><em>τοῖς</em></strong></span> <span class='ocrx_word' id='word_1_153' title='bbox 846 1977 926 2060; x_wconf 71' lang='grc' dir='ltr'><strong><em>τρισὶ</em></strong></span> <span class='ocrx_word' id='word_1_154' title='bbox 939 1973 1043 2058; x_wconf 77' lang='grc' dir='ltr'><strong><em>νόμοις</em></strong></span> <span class='ocrx_word' id='word_1_155' title='bbox 1058 1971 1123 2058; x_wconf 81' lang='grc' dir='ltr'><strong>ριγ’.</strong></span> <span class='ocrx_word' id='word_1_156' title='bbox 1135 1997 1181 2058; x_wconf 80' lang='lat' dir='ltr'><strong>ys-</strong></span> 
     </span>
     <span class='ocr_line' id='line_1_20' title="bbox 79 2057 1181 2144; baseline 0.002 -25"><span class='ocrx_word' id='word_1_157' title='bbox 79 2065 159 2120; x_wconf 79' lang='grc' dir='ltr'><strong><em>νεῶν</em></strong></span> <span class='ocrx_word' id='word_1_158' title='bbox 188 2059 222 2122; x_wconf 71' lang='grc' dir='ltr'><strong><em>ἐν</em></strong></span> <span class='ocrx_word' id='word_1_159' title='bbox 244 2059 435 2137; x_wconf 75' lang='grc' dir='ltr'><strong><em>δυναστείαις</em></strong></span> <span class='ocrx_word' id='word_1_160' title='bbox 456 2057 491 2128; x_wconf 80' lang='lat' dir='ltr'><strong>t&#39;.</strong></span> <span class='ocrx_word' id='word_1_161' title='bbox 520 2063 672 2141; x_wconf 87' lang='lat' dir='ltr'><strong>scribens,</strong></span> <span class='ocrx_word' id='word_1_162' title='bbox 701 2064 923 2144; x_wconf 83' lang='lat' dir='ltr'><strong>generationem</strong></span> <span class='ocrx_word' id='word_1_163' title='bbox 948 2072 978 2123; x_wconf 90' lang='lat' dir='ltr'><strong>et</strong></span> <span class='ocrx_word' id='word_1_164' title='bbox 1005 2061 1181 2142; x_wconf 86' lang='lat' dir='ltr'><strong>Dynastiam</strong></span> 
     </span>
     <span class='ocr_line' id='line_1_21' title="bbox 77 2144 391 2223; baseline 0.013 -23"><span class='ocrx_word' id='word_1_165' title='bbox 77 2155 179 2223; x_wconf 89' lang='lat' dir='ltr'><strong>aperte</strong></span> <span class='ocrx_word' id='word_1_166' title='bbox 194 2144 391 2204; x_wconf 83' lang='lat' dir='ltr'><strong>discriminat.</strong></span> 
     </span>
    </p>

    <p class='ocr_par' dir='ltr' id='par_1_11' title="bbox 76 2228 1338 4354">
     <span class='ocr_line' id='line_1_22' title="bbox 160 2228 1181 2306; baseline -0.001 -14"><span class='ocrx_word' id='word_1_167' title='bbox 160 2228 456 2303; x_wconf 64' lang='lat' dir='ltr'><strong>ravennensium]</strong></span> <span class='ocrx_word' id='word_1_168' title='bbox 483 2231 525 2290; x_wconf 88' lang='lat' dir='ltr'><strong>Ut</strong></span> <span class='ocrx_word' id='word_1_169' title='bbox 545 2231 692 2290; x_wconf 85' lang='lat' dir='ltr'><strong>sacrificia</strong></span> <span class='ocrx_word' id='word_1_170' title='bbox 714 2233 778 2294; x_wconf 86' lang='lat' dir='ltr'><strong>Diis</strong></span> <span class='ocrx_word' id='word_1_171' title='bbox 800 2231 904 2294; x_wconf 82' lang='lat' dir='ltr'><strong>offerri</strong></span> <span class='ocrx_word' id='word_1_172' title='bbox 919 2233 1020 2306; x_wconf 90' lang='lat' dir='ltr'><strong>solita,</strong></span> <span class='ocrx_word' id='word_1_173' title='bbox 1041 2251 1103 2291; x_wconf 92' lang='lat' dir='ltr'><strong>non</strong></span> <span class='ocrx_word' id='word_1_174' title='bbox 1118 2249 1181 2292; x_wconf 91' lang='lat' dir='ltr'><strong>uno</strong></span> 
     </span>
     <span class='ocr_line' id='line_1_23' title="bbox 77 2313 1180 2397; baseline 0.002 -23"><span class='ocrx_word' id='word_1_175' title='bbox 77 2323 210 2396; x_wconf 85' lang='lat' dir='ltr'><strong>tempore</strong></span> <span class='ocrx_word' id='word_1_176' title='bbox 224 2315 367 2394; x_wconf 88' lang='lat' dir='ltr'><strong>statisque</strong></span> <span class='ocrx_word' id='word_1_177' title='bbox 383 2315 498 2374; x_wconf 86' lang='lat' dir='ltr'><strong>dierum</strong></span> <span class='ocrx_word' id='word_1_178' title='bbox 514 2313 616 2393; x_wconf 88' lang='lat' dir='ltr'><strong>horis,</strong></span> <span class='ocrx_word' id='word_1_179' title='bbox 639 2317 690 2374; x_wconf 89' lang='lat' dir='ltr'><strong>sed</strong></span> <span class='ocrx_word' id='word_1_180' title='bbox 707 2321 874 2395; x_wconf 82' lang='lat' dir='ltr'><strong>pervarias</strong></span> <span class='ocrx_word' id='word_1_181' title='bbox 890 2317 961 2376; x_wconf 87' lang='lat' dir='ltr'><strong>anni</strong></span> <span class='ocrx_word' id='word_1_182' title='bbox 978 2325 1180 2397; x_wconf 86' lang='lat' dir='ltr'><strong>tempestatas,</strong></span> 
     </span>
     <span class='ocr_line' id='line_1_24' title="bbox 77 2400 1180 2481; baseline 0 -21"><span class='ocrx_word' id='word_1_183' title='bbox 77 2422 108 2460; x_wconf 89' lang='lat' dir='ltr'><strong>ac</strong></span> <span class='ocrx_word' id='word_1_184' title='bbox 127 2400 280 2480; x_wconf 85' lang='lat' dir='ltr'><strong>singulos,</strong></span> <span class='ocrx_word' id='word_1_185' title='bbox 301 2421 363 2458; x_wconf 90' lang='lat' dir='ltr'><strong>non</strong></span> <span class='ocrx_word' id='word_1_186' title='bbox 384 2400 446 2458; x_wconf 86' lang='lat' dir='ltr'><strong>dies</strong></span> <span class='ocrx_word' id='word_1_187' title='bbox 467 2409 601 2476; x_wconf 85' lang='lat' dir='ltr'><strong>tantum,</strong></span> <span class='ocrx_word' id='word_1_188' title='bbox 625 2401 677 2460; x_wconf 90' lang='lat' dir='ltr'><strong>sed</strong></span> <span class='ocrx_word' id='word_1_189' title='bbox 699 2411 728 2459; x_wconf 91' lang='lat' dir='ltr'><strong>et</strong></span> <span class='ocrx_word' id='word_1_190' title='bbox 746 2403 806 2460; x_wconf 90' lang='lat' dir='ltr'><strong>diei</strong></span> <span class='ocrx_word' id='word_1_191' title='bbox 825 2404 1005 2481; x_wconf 84' lang='lat' dir='ltr'><strong>quadrantes</strong></span> <span class='ocrx_word' id='word_1_192' title='bbox 1027 2403 1180 2481; x_wconf 82' lang='lat' dir='ltr'><strong>persolve·</strong></span> 
     </span>
     <span class='ocr_line' id='line_1_25' title="bbox 76 2485 1180 2566; baseline 0 -20"><span class='ocrx_word' id='word_1_193' title='bbox 76 2497 145 2546; x_wconf 87' lang='lat' dir='ltr'><strong>rent</strong></span> <span class='ocrx_word' id='word_1_194' title='bbox 153 2533 163 2562; x_wconf 92' lang='lat'><strong>,</strong></span> <span class='ocrx_word' id='word_1_195' title='bbox 186 2485 258 2544; x_wconf 91' lang='lat' dir='ltr'><strong>solis</strong></span> <span class='ocrx_word' id='word_1_196' title='bbox 274 2486 346 2549; x_wconf 83' lang='lat'><strong>365.</strong></span> <span class='ocrx_word' id='word_1_197' title='bbox 362 2485 467 2544; x_wconf 88' lang='lat' dir='ltr'><strong>diebus</strong></span> <span class='ocrx_word' id='word_1_198' title='bbox 479 2485 592 2565; x_wconf 88' lang='lat' dir='ltr'><strong>absque</strong></span> <span class='ocrx_word' id='word_1_199' title='bbox 606 2485 782 2566; x_wconf 84' lang='lat' dir='ltr'><strong>quadrantis</strong></span> <span class='ocrx_word' id='word_1_200' title='bbox 796 2485 961 2566; x_wconf 87' lang='lat' dir='ltr'><strong>appendice</strong></span> <span class='ocrx_word' id='word_1_201' title='bbox 975 2505 1084 2545; x_wconf 90' lang='lat' dir='ltr'><strong>annum</strong></span> <span class='ocrx_word' id='word_1_202' title='bbox 1100 2507 1180 2546; x_wconf 89' lang='lat' dir='ltr'><strong>com·</strong></span> 
     </span>
     <span class='ocr_line' id='line_1_26' title="bbox 78 2569 1179 2651; baseline -0.002 -21"><span class='ocrx_word' id='word_1_203' title='bbox 78 2573 147 2651; x_wconf 91' lang='lat' dir='ltr'><strong>poni</strong></span> <span class='ocrx_word' id='word_1_204' title='bbox 171 2570 338 2630; x_wconf 75' lang='lat' dir='ltr'><strong>voluerunt</strong></span> <span class='ocrx_word' id='word_1_205' title='bbox 355 2569 510 2649; x_wconf 78' lang='lat' dir='ltr'><strong>Aegyptiis</strong></span> <span class='ocrx_word' id='word_1_206' title='bbox 541 2590 603 2650; x_wconf 91' lang='lat' dir='ltr'><strong>quo</strong></span> <span class='ocrx_word' id='word_1_207' title='bbox 620 2569 714 2630; x_wconf 86' lang='lat' dir='ltr'><strong>fiebat</strong></span> <span class='ocrx_word' id='word_1_208' title='bbox 735 2579 771 2629; x_wconf 90' lang='lat' dir='ltr'><strong>ut</strong></span> <span class='ocrx_word' id='word_1_209' title='bbox 795 2573 904 2630; x_wconf 89' lang='lat' dir='ltr'><strong>omisso</strong></span> <span class='ocrx_word' id='word_1_210' title='bbox 925 2570 1098 2630; x_wconf 83' lang='lat' dir='ltr'><strong>intercalari</strong></span> <span class='ocrx_word' id='word_1_211' title='bbox 1118 2570 1179 2641; x_wconf 82' lang='lat' dir='ltr'><strong>dia,</strong></span> 
     </span>
     <span class='ocr_line' id='line_1_27' title="bbox 81 2653 1181 2736; baseline -0.001 -23"><span class='ocrx_word' id='word_1_212' title='bbox 81 2655 200 2734; x_wconf 86' lang='lat' dir='ltr'><strong>singulis</strong></span> <span class='ocrx_word' id='word_1_213' title='bbox 213 2653 354 2713; x_wconf 87' lang='lat' dir='ltr'><strong>trienniis</strong></span> <span class='ocrx_word' id='word_1_214' title='bbox 369 2655 556 2714; x_wconf 75' lang='lat' dir='ltr'><strong>vementibus</strong></span> <span class='ocrx_word' id='word_1_215' title='bbox 573 2655 647 2714; x_wconf 89' lang='lat' dir='ltr'><strong>anni</strong></span> <span class='ocrx_word' id='word_1_216' title='bbox 667 2654 845 2736; x_wconf 80' lang='lat' dir='ltr'><strong>Aegyptiaci</strong></span> <span class='ocrx_word' id='word_1_217' title='bbox 860 2665 952 2734; x_wconf 88' lang='lat' dir='ltr'><strong>caput</strong></span> <span class='ocrx_word' id='word_1_218' title='bbox 971 2653 1078 2713; x_wconf 87' lang='lat' dir='ltr'><strong>Iuliani</strong></span> <span class='ocrx_word' id='word_1_219' title='bbox 1093 2655 1181 2734; x_wconf 92' lang='lat' dir='ltr'><strong>prin-</strong></span> 
     </span>
     <span class='ocr_line' id='line_1_28' title="bbox 80 2739 1181 2822; baseline -0.002 -24"><span class='ocrx_word' id='word_1_220' title='bbox 80 2742 188 2822; x_wconf 89' lang='lat' dir='ltr'><strong>cipium</strong></span> <span class='ocrx_word' id='word_1_221' title='bbox 202 2759 263 2800; x_wconf 92' lang='lat' dir='ltr'><strong>uno</strong></span> <span class='ocrx_word' id='word_1_222' title='bbox 276 2739 325 2798; x_wconf 88' lang='lat' dir='ltr'><strong>die</strong></span> <span class='ocrx_word' id='word_1_223' title='bbox 340 2749 559 2820; x_wconf 86' lang='lat' dir='ltr'><strong>praeverteret,</strong></span> <span class='ocrx_word' id='word_1_224' title='bbox 581 2761 617 2798; x_wconf 89' lang='lat' dir='ltr'><strong>ac</strong></span> <span class='ocrx_word' id='word_1_225' title='bbox 630 2741 752 2800; x_wconf 90' lang='lat' dir='ltr'><strong>tandem</strong></span> <span class='ocrx_word' id='word_1_226' title='bbox 767 2750 836 2821; x_wconf 87' lang='lat' dir='ltr'><strong>post</strong></span> <span class='ocrx_word' id='word_1_227' title='bbox 853 2739 946 2805; x_wconf 84' lang='lat'><strong>1460.</strong></span> <span class='ocrx_word' id='word_1_228' title='bbox 958 2757 1053 2806; x_wconf 74' lang='lat' dir='ltr'><strong>annos</strong></span> <span class='ocrx_word' id='word_1_229' title='bbox 1067 2739 1181 2796; x_wconf 87' lang='lat' dir='ltr'><strong>utrius-</strong></span> 
     </span>
     <span class='ocr_line' id='line_1_29' title="bbox 78 2824 1180 2907; baseline -0.004 -23"><span class='ocrx_word' id='word_1_230' title='bbox 78 2847 134 2906; x_wconf 88' lang='lat' dir='ltr'><strong>que</strong></span> <span class='ocrx_word' id='word_1_231' title='bbox 155 2824 344 2907; x_wconf 85' lang='lat' dir='ltr'><strong>principium</strong></span> <span class='ocrx_word' id='word_1_232' title='bbox 368 2825 407 2884; x_wconf 90' lang='lat' dir='ltr'><strong>ad</strong></span> <span class='ocrx_word' id='word_1_233' title='bbox 423 2834 532 2884; x_wconf 89' lang='lat' dir='ltr'><strong>metam</strong></span> <span class='ocrx_word' id='word_1_234' title='bbox 552 2825 632 2884; x_wconf 89' lang='lat' dir='ltr'><strong>unda</strong></span> <span class='ocrx_word' id='word_1_235' title='bbox 651 2825 783 2904; x_wconf 86' lang='lat' dir='ltr'><strong>primum</strong></span> <span class='ocrx_word' id='word_1_236' title='bbox 805 2833 996 2901; x_wconf 85' lang='lat' dir='ltr'><strong>excurrerat,</strong></span> <span class='ocrx_word' id='word_1_237' title='bbox 1017 2831 1180 2882; x_wconf 86' lang='lat' dir='ltr'><strong>revertere.</strong></span> 
     </span>
     <span class='ocr_line' id='line_1_30' title="bbox 78 2908 1179 2990; baseline -0.002 -22"><span class='ocrx_word' id='word_1_238' title='bbox 78 2921 141 2971; x_wconf 86' lang='lat' dir='ltr'><strong>tur:</strong></span> <span class='ocrx_word' id='word_1_239' title='bbox 171 2909 256 2990; x_wconf 90' lang='lat' dir='ltr'><strong>qnod</strong></span> <span class='ocrx_word' id='word_1_240' title='bbox 273 2911 454 2969; x_wconf 84' lang='lat' dir='ltr'><strong>Censorinus</strong></span> <span class='ocrx_word' id='word_1_241' title='bbox 475 2911 577 2989; x_wconf 86' lang='lat' dir='ltr'><strong>paucis</strong></span> <span class='ocrx_word' id='word_1_242' title='bbox 594 2909 740 2972; x_wconf 83' lang='lat' dir='ltr'><strong>exhibuit.</strong></span> <span class='ocrx_word' id='word_1_243' title='bbox 784 2909 999 2990; x_wconf 80' lang='lat' dir='ltr'><strong>Aegyptiorum</strong></span> <span class='ocrx_word' id='word_1_244' title='bbox 1021 2927 1117 2968; x_wconf 91' lang='lat' dir='ltr'><strong>annua</strong></span> <span class='ocrx_word' id='word_1_245' title='bbox 1132 2908 1179 2966; x_wconf 90' lang='lat' dir='ltr'><strong>ci-</strong></span> 
     </span>
     <span class='ocr_line' id='line_1_31' title="bbox 80 2993 1178 3075; baseline 0 -23"><span class='ocrx_word' id='word_1_246' title='bbox 80 2997 145 3056; x_wconf 77' lang='lat' dir='ltr'><strong>vilia</strong></span> <span class='ocrx_word' id='word_1_247' title='bbox 164 2996 257 3055; x_wconf 85' lang='lat' dir='ltr'><strong>habet</strong></span> <span class='ocrx_word' id='word_1_248' title='bbox 273 2996 336 3054; x_wconf 90' lang='lat' dir='ltr'><strong>dies</strong></span> <span class='ocrx_word' id='word_1_249' title='bbox 352 2997 424 3061; x_wconf 78' lang='lat'><strong>365.</strong></span> <span class='ocrx_word' id='word_1_250' title='bbox 441 2995 508 3054; x_wconf 90' lang='lat' dir='ltr'><strong>aine</strong></span> <span class='ocrx_word' id='word_1_251' title='bbox 527 2997 592 3055; x_wconf 92' lang='lat' dir='ltr'><strong>ullo</strong></span> <span class='ocrx_word' id='word_1_252' title='bbox 606 2995 789 3058; x_wconf 88' lang='lat' dir='ltr'><strong>intercalari.</strong></span> <span class='ocrx_word' id='word_1_253' title='bbox 830 2997 934 3075; x_wconf 88' lang='lat' dir='ltr'><strong>ltaque</strong></span> <span class='ocrx_word' id='word_1_254' title='bbox 949 2993 1178 3075; x_wconf 84' lang='lat' dir='ltr'><strong>quadriennium</strong></span> 
     </span>
     <span class='ocr_line' id='line_1_32' title="bbox 83 3077 1338 3161; baseline 0 -21"><span class='ocrx_word' id='word_1_255' title='bbox 83 3083 157 3160; x_wconf 90' lang='lat' dir='ltr'><strong>apud</strong></span> <span class='ocrx_word' id='word_1_256' title='bbox 176 3102 228 3140; x_wconf 92' lang='lat' dir='ltr'><strong>eoa</strong></span> <span class='ocrx_word' id='word_1_257' title='bbox 243 3101 304 3139; x_wconf 90' lang='lat' dir='ltr'><strong>nno</strong></span> <span class='ocrx_word' id='word_1_258' title='bbox 325 3081 446 3140; x_wconf 88' lang='lat' dir='ltr'><strong>circiter</strong></span> <span class='ocrx_word' id='word_1_259' title='bbox 467 3079 516 3140; x_wconf 88' lang='lat' dir='ltr'><strong>die</strong></span> <span class='ocrx_word' id='word_1_260' title='bbox 537 3081 637 3140; x_wconf 89' lang='lat' dir='ltr'><strong>minus</strong></span> <span class='ocrx_word' id='word_1_261' title='bbox 656 3090 719 3157; x_wconf 90' lang='lat' dir='ltr'><strong>est,</strong></span> <span class='ocrx_word' id='word_1_262' title='bbox 750 3102 839 3161; x_wconf 89' lang='lat' dir='ltr'><strong>quam</strong></span> <span class='ocrx_word' id='word_1_263' title='bbox 858 3081 997 3140; x_wconf 87' lang='lat' dir='ltr'><strong>naturale</strong></span> <span class='ocrx_word' id='word_1_264' title='bbox 1014 3079 1178 3160; x_wconf 88' lang='lat' dir='ltr'><strong>quadrien·</strong></span> <span class='ocrx_word' id='word_1_265' title='bbox 1244 3077 1249 3092; x_wconf 74' lang='grc'><strong>“</strong></span> <span class='ocrx_word' id='word_1_266' title='bbox 1334 3131 1338 3140; x_wconf 94' lang='grc'><strong>.</strong></span> 
     </span>
     <span class='ocr_line' id='line_1_33' title="bbox 81 3165 1177 3246; baseline 0 -20"><span class='ocrx_word' id='word_1_267' title='bbox 81 3167 179 3227; x_wconf 88' lang='lat' dir='ltr'><strong>nium:</strong></span> <span class='ocrx_word' id='word_1_268' title='bbox 208 3185 304 3246; x_wconf 90' lang='lat' dir='ltr'><strong>eoque</strong></span> <span class='ocrx_word' id='word_1_269' title='bbox 323 3166 359 3224; x_wconf 88' lang='lat' dir='ltr'><strong>iit</strong></span> <span class='ocrx_word' id='word_1_270' title='bbox 374 3173 408 3224; x_wconf 90' lang='lat' dir='ltr'><strong>ut</strong></span> <span class='ocrx_word' id='word_1_271' title='bbox 427 3185 506 3224; x_wconf 88' lang='lat' dir='ltr'><strong>anno</strong></span> <span class='ocrx_word' id='word_1_272' title='bbox 524 3167 617 3231; x_wconf 80' lang='lat'><strong>1461.</strong></span> <span class='ocrx_word' id='word_1_273' title='bbox 639 3167 677 3226; x_wconf 86' lang='lat' dir='ltr'><strong>ad</strong></span> <span class='ocrx_word' id='word_1_274' title='bbox 695 3167 776 3226; x_wconf 90' lang='lat' dir='ltr'><strong>idem</strong></span> <span class='ocrx_word' id='word_1_275' title='bbox 791 3166 966 3228; x_wconf 78' lang='lat' dir='ltr'><strong>revolvatur</strong></span> <span class='ocrx_word' id='word_1_276' title='bbox 980 3165 1177 3246; x_wconf 86' lang='lat' dir='ltr'><strong>principium.</strong></span> 
     </span>
     <span class='ocr_line' id='line_1_34' title="bbox 78 3249 1177 3329; baseline -0.001 -18"><span class='ocrx_word' id='word_1_277' title='bbox 78 3253 155 3326; x_wconf 88' lang='lat' dir='ltr'><strong>Quia</strong></span> <span class='ocrx_word' id='word_1_278' title='bbox 168 3269 242 3312; x_wconf 83' lang='lat' dir='ltr'><strong>vero</strong></span> <span class='ocrx_word' id='word_1_279' title='bbox 256 3249 401 3329; x_wconf 87' lang='lat' dir='ltr'><strong>periodus</strong></span> <span class='ocrx_word' id='word_1_280' title='bbox 417 3271 565 3311; x_wconf 85' lang='lat' dir='ltr'><strong>annornm</strong></span> <span class='ocrx_word' id='word_1_281' title='bbox 582 3251 756 3312; x_wconf 86' lang='lat' dir='ltr'><strong>huiusmodi</strong></span> <span class='ocrx_word' id='word_1_282' title='bbox 773 3253 864 3318; x_wconf 81' lang='lat'><strong>1460.</strong></span> <span class='ocrx_word' id='word_1_283' title='bbox 881 3251 962 3312; x_wconf 87' lang='lat' dir='ltr'><strong>eirca</strong></span> <span class='ocrx_word' id='word_1_284' title='bbox 977 3249 1064 3312; x_wconf 84' lang='lat' dir='ltr'><strong>Canis</strong></span> <span class='ocrx_word' id='word_1_285' title='bbox 1076 3259 1177 3312; x_wconf 88' lang='lat' dir='ltr'><strong>ortum</strong></span> 
     </span>
     <span class='ocr_line' id='line_1_35' title="bbox 78 3333 1177 3418; baseline -0.002 -20"><span class='ocrx_word' id='word_1_286' title='bbox 78 3337 183 3418; x_wconf 88' lang='lat' dir='ltr'><strong>primia</strong></span> <span class='ocrx_word' id='word_1_287' title='bbox 202 3335 387 3416; x_wconf 87' lang='lat' dir='ltr'><strong>temporibus</strong></span> <span class='ocrx_word' id='word_1_288' title='bbox 410 3337 511 3417; x_wconf 87' lang='lat' dir='ltr'><strong>coepit</strong></span> <span class='ocrx_word' id='word_1_289' title='bbox 530 3335 665 3409; x_wconf 82' lang='lat' dir='ltr'><strong>institoi3</strong></span> <span class='ocrx_word' id='word_1_290' title='bbox 702 3335 884 3408; x_wconf 72' lang='lat' dir='ltr'><strong>Cunicularis</strong></span> <span class='ocrx_word' id='word_1_291' title='bbox 900 3355 1019 3418; x_wconf 90' lang='lat' dir='ltr'><strong>quoque</strong></span> <span class='ocrx_word' id='word_1_292' title='bbox 1033 3333 1177 3418; x_wconf 87' lang='lat' dir='ltr'><strong>periodus</strong></span> 
     </span>
     <span class='ocr_line' id='line_1_36' title="bbox 79 3415 1178 3503; baseline -0.002 -21"><span class='ocrx_word' id='word_1_293' title='bbox 79 3426 139 3484; x_wconf 81' lang='lat' dir='ltr'><strong>sive</strong></span> <span class='ocrx_word' id='word_1_294' title='bbox 154 3417 290 3495; x_wconf 81' lang='grc' dir='ltr'><strong><em>Κννικδς</em></strong></span> <span class='ocrx_word' id='word_1_295' title='bbox 308 3415 420 3495; x_wconf 77' lang='grc' dir='ltr'><strong><em>κύκλος</em></strong></span> <span class='ocrx_word' id='word_1_296' title='bbox 438 3421 571 3498; x_wconf 86' lang='lat' dir='ltr'><strong>audivit,</strong></span> <span class='ocrx_word' id='word_1_297' title='bbox 596 3423 708 3482; x_wconf 86' lang='lat' dir='ltr'><strong>aCane</strong></span> <span class='ocrx_word' id='word_1_298' title='bbox 726 3423 833 3503; x_wconf 74' lang='lat' dir='ltr'><strong>sydera</strong></span> <span class='ocrx_word' id='word_1_299' title='bbox 849 3423 1003 3501; x_wconf 79' lang='lat' dir='ltr'><strong>exoriens,</strong></span> <span class='ocrx_word' id='word_1_300' title='bbox 1026 3431 1056 3483; x_wconf 89' lang='lat' dir='ltr'><strong>et</strong></span> <span class='ocrx_word' id='word_1_301' title='bbox 1069 3421 1102 3482; x_wconf 92' lang='lat' dir='ltr'><strong>in</strong></span> <span class='ocrx_word' id='word_1_302' title='bbox 1118 3423 1178 3480; x_wconf 85' lang='lat' dir='ltr'><strong>Ca-</strong></span> 
     </span>
     <span class='ocr_line' id='line_1_37' title="bbox 77 3506 1178 3589; baseline -0.002 -21"><span class='ocrx_word' id='word_1_303' title='bbox 77 3529 142 3570; x_wconf 89' lang='lat' dir='ltr'><strong>nem</strong></span> <span class='ocrx_word' id='word_1_304' title='bbox 157 3506 313 3567; x_wconf 88' lang='lat' dir='ltr'><strong>desinens:</strong></span> <span class='ocrx_word' id='word_1_305' title='bbox 336 3506 373 3566; x_wconf 90' lang='lat' dir='ltr'><strong>da</strong></span> <span class='ocrx_word' id='word_1_306' title='bbox 388 3527 449 3586; x_wconf 88' lang='lat' dir='ltr'><strong>quo</strong></span> <span class='ocrx_word' id='word_1_307' title='bbox 464 3507 611 3568; x_wconf 82' lang='lat' dir='ltr'><strong>videndus</strong></span> <span class='ocrx_word' id='word_1_308' title='bbox 625 3507 753 3568; x_wconf 79' lang='lat' dir='ltr'><strong>Aliatius</strong></span> <span class='ocrx_word' id='word_1_309' title='bbox 768 3509 805 3567; x_wconf 84' lang='lat' dir='ltr'><strong>de</strong></span> <span class='ocrx_word' id='word_1_310' title='bbox 820 3509 912 3569; x_wconf 87' lang='lat' dir='ltr'><strong>Mena.</strong></span> <span class='ocrx_word' id='word_1_311' title='bbox 926 3509 1029 3589; x_wconf 87' lang='lat' dir='ltr'><strong>Temp.</strong></span> <span class='ocrx_word' id='word_1_312' title='bbox 1045 3528 1111 3588; x_wconf 85' lang='lat' dir='ltr'><strong>cap·</strong></span> <span class='ocrx_word' id='word_1_313' title='bbox 1129 3507 1178 3572; x_wconf 81' lang='lat'><strong>14.</strong></span> 
     </span>
     <span class='ocr_line' id='line_1_38' title="bbox 79 3591 1303 3674; baseline -0.003 -20"><span class='ocrx_word' id='word_1_314' title='bbox 79 3606 105 3654; x_wconf 90' lang='lat' dir='ltr'><strong>et</strong></span> <span class='ocrx_word' id='word_1_315' title='bbox 122 3593 265 3654; x_wconf 81' lang='lat' dir='ltr'><strong>Patavina</strong></span> <span class='ocrx_word' id='word_1_316' title='bbox 285 3591 323 3650; x_wconf 89' lang='lat' dir='ltr'><strong>da</strong></span> <span class='ocrx_word' id='word_1_317' title='bbox 337 3592 424 3653; x_wconf 88' lang='lat' dir='ltr'><strong>Doct.</strong></span> <span class='ocrx_word' id='word_1_318' title='bbox 437 3591 541 3672; x_wconf 88' lang='lat' dir='ltr'><strong>Temp.</strong></span> <span class='ocrx_word' id='word_1_319' title='bbox 558 3593 709 3672; x_wconf 82' lang='lat' dir='ltr'><strong>prioribus</strong></span> <span class='ocrx_word' id='word_1_320' title='bbox 723 3594 821 3659; x_wconf 66' lang='lat' dir='ltr'><strong>lin-3.</strong></span> <span class='ocrx_word' id='word_1_321' title='bbox 836 3613 922 3673; x_wconf 86' lang='lat' dir='ltr'><strong>capp.</strong></span> <span class='ocrx_word' id='word_1_322' title='bbox 940 3603 969 3654; x_wconf 84' lang='lat' dir='ltr'><strong>at</strong></span> <span class='ocrx_word' id='word_1_323' title='bbox 986 3593 1090 3673; x_wconf 88' lang='lat' dir='ltr'><strong>quinto</strong></span> <span class='ocrx_word' id='word_1_324' title='bbox 1106 3613 1178 3652; x_wconf 87' lang='lat' dir='ltr'><strong>sex·</strong></span> <span class='ocrx_word' id='word_1_325' title='bbox 1297 3665 1303 3674; x_wconf 20' lang='grc' dir='ltr'><strong>ῃ</strong></span> 
     </span>
     <span class='ocr_line' id='line_1_39' title="bbox 78 3673 1178 3759; baseline -0.004 -21"><span class='ocrx_word' id='word_1_326' title='bbox 78 3690 167 3759; x_wconf 88' lang='lat' dir='ltr'><strong>toque</strong></span> <span class='ocrx_word' id='word_1_327' title='bbox 179 3677 232 3737; x_wconf 88' lang='lat' dir='ltr'><strong>lib.</strong></span> <span class='ocrx_word' id='word_1_328' title='bbox 249 3677 279 3743; x_wconf 84' lang='lat'><strong>6.</strong></span> <span class='ocrx_word' id='word_1_329' title='bbox 295 3676 444 3736; x_wconf 72' lang='lat' dir='ltr'><strong>ductarii:</strong></span> <span class='ocrx_word' id='word_1_330' title='bbox 466 3673 574 3758; x_wconf 62' lang='lat' dir='ltr'><strong>quadrua</strong></span> <span class='ocrx_word' id='word_1_331' title='bbox 588 3677 663 3736; x_wconf 86' lang='lat' dir='ltr'><strong>locis</strong></span> <span class='ocrx_word' id='word_1_332' title='bbox 682 3689 811 3759; x_wconf 88' lang='lat' dir='ltr'><strong>uterque</strong></span> <span class='ocrx_word' id='word_1_333' title='bbox 825 3679 858 3737; x_wconf 93' lang='lat' dir='ltr'><strong>in</strong></span> <span class='ocrx_word' id='word_1_334' title='bbox 872 3679 1052 3757; x_wconf 81' lang='lat' dir='ltr'><strong>scaligerum</strong></span> <span class='ocrx_word' id='word_1_335' title='bbox 1068 3677 1105 3736; x_wconf 92' lang='lat' dir='ltr'><strong>de</strong></span> <span class='ocrx_word' id='word_1_336' title='bbox 1119 3679 1178 3734; x_wconf 86' lang='lat' dir='ltr'><strong>So-</strong></span> 
     </span>
     <span class='ocr_line' id='line_1_40' title="bbox 79 3762 1177 3843; baseline -0.002 -20"><span class='ocrx_word' id='word_1_337' title='bbox 79 3763 177 3823; x_wconf 83' lang='lat' dir='ltr'><strong>tlriaca</strong></span> <span class='ocrx_word' id='word_1_338' title='bbox 197 3763 262 3822; x_wconf 81' lang='lat' dir='ltr'><strong>aiae</strong></span> <span class='ocrx_word' id='word_1_339' title='bbox 278 3762 449 3821; x_wconf 83' lang='lat' dir='ltr'><strong>Caniculari</strong></span> <span class='ocrx_word' id='word_1_340' title='bbox 464 3763 590 3842; x_wconf 89' lang='lat' dir='ltr'><strong>periodo</strong></span> <span class='ocrx_word' id='word_1_341' title='bbox 606 3763 682 3822; x_wconf 86' lang='lat' dir='ltr'><strong>falso</strong></span> <span class='ocrx_word' id='word_1_342' title='bbox 699 3765 891 3825; x_wconf 83' lang='lat' dir='ltr'><strong>disserentem</strong></span> <span class='ocrx_word' id='word_1_343' title='bbox 910 3763 1018 3843; x_wconf 89' lang='lat' dir='ltr'><strong>pagina</strong></span> <span class='ocrx_word' id='word_1_344' title='bbox 1033 3763 1177 3821; x_wconf 87' lang='lat' dir='ltr'><strong>Natarum</strong></span> 
     </span>
     <span class='ocr_line' id='line_1_41' title="bbox 80 3842 1177 3928; baseline -0.004 -20"><span class='ocrx_word' id='word_1_345' title='bbox 80 3851 150 3916; x_wconf 76' lang='lat'><strong>248.</strong></span> <span class='ocrx_word' id='word_1_346' title='bbox 161 3847 211 3908; x_wconf 84' lang='lat' dir='ltr'><strong>lais</strong></span> <span class='ocrx_word' id='word_1_347' title='bbox 223 3847 332 3910; x_wconf 83' lang='lat' dir='ltr'><strong>verbis.</strong></span> <span class='ocrx_word' id='word_1_348' title='bbox 376 3851 485 3910; x_wconf 68' lang='grc' dir='ltr'><strong><em>Σῶθιν</em></strong></span> <span class='ocrx_word' id='word_1_349' title='bbox 497 3843 554 3928; x_wconf 73' lang='grc' dir='ltr'><strong><em>τὴν</em></strong></span> <span class='ocrx_word' id='word_1_350' title='bbox 570 3842 616 3910; x_wconf 75' lang='grc' dir='ltr'><strong>Ἰοῖ</strong></span> <span class='ocrx_word' id='word_1_351' title='bbox 627 3843 743 3928; x_wconf 67' lang='grc' dir='ltr'><strong><em>Ἰνάχου</em></strong></span> <span class='ocrx_word' id='word_1_352' title='bbox 758 3849 909 3908; x_wconf 77' lang='lat' dir='ltr'><strong>vocabant</strong></span> <span class='ocrx_word' id='word_1_353' title='bbox 921 3849 1083 3927; x_wconf 68' lang='lat' dir='ltr'><strong>Aegyptii:</strong></span> <span class='ocrx_word' id='word_1_354' title='bbox 1105 3848 1177 3904; x_wconf 62' lang='lat' dir='ltr'><strong>uam</strong></span> 
     </span>
     <span class='ocr_line' id='line_1_42' title="bbox 81 3929 1178 4015; baseline -0.007 -19"><span class='ocrx_word' id='word_1_355' title='bbox 81 3929 250 4012; x_wconf 73' lang='grc' dir='ltr'><strong><em>Συθινκήν</em></strong></span> <span class='ocrx_word' id='word_1_356' title='bbox 269 3933 430 4015; x_wconf 77' lang='grc' dir='ltr'><strong><em>περίοδον,</em></strong></span> <span class='ocrx_word' id='word_1_357' title='bbox 456 3935 547 4008; x_wconf 75' lang='grc' dir='ltr'><strong><em>Ἰοῦς,</em></strong></span> <span class='ocrx_word' id='word_1_358' title='bbox 576 3936 640 3994; x_wconf 74' lang='lat' dir='ltr'><strong>sive</strong></span> <span class='ocrx_word' id='word_1_359' title='bbox 662 3933 757 3994; x_wconf 82' lang='lat' dir='ltr'><strong>Isidis</strong></span> <span class='ocrx_word' id='word_1_360' title='bbox 776 3936 1067 4014; x_wconf 79' lang='lat' dir='ltr'><strong>peregrinationem,</strong></span> <span class='ocrx_word' id='word_1_361' title='bbox 1100 3949 1178 4012; x_wconf 81' lang='lat' dir='ltr'><strong>quas</strong></span> 
     </span>
     <span class='ocr_line' id='line_1_43' title="bbox 80 4015 1175 4102; baseline -0.005 -24"><span class='ocrx_word' id='word_1_362' title='bbox 80 4023 172 4079; x_wconf 83' lang='lat' dir='ltr'><strong>etiam</strong></span> <span class='ocrx_word' id='word_1_363' title='bbox 191 4020 324 4093; x_wconf 71' lang='lat' dir='ltr'><strong>refhrtur</strong></span> <span class='ocrx_word' id='word_1_364' title='bbox 340 4039 362 4075; x_wconf 85' lang='lat' dir='ltr'><strong>a</strong></span> <span class='ocrx_word' id='word_1_365' title='bbox 374 4018 550 4076; x_wconf 74' lang='lat' dir='ltr'><strong>Prometheo</strong></span> <span class='ocrx_word' id='word_1_366' title='bbox 568 4017 656 4097; x_wconf 82' lang='lat' dir='ltr'><strong>apud</strong></span> <span class='ocrx_word' id='word_1_367' title='bbox 664 4021 858 4098; x_wconf 77' lang='lat' dir='ltr'><strong>Aeschylum.</strong></span> <span class='ocrx_word' id='word_1_368' title='bbox 906 4015 1057 4102; x_wconf 62' lang='lat' dir='ltr'><strong>Videntur¹</strong></span> <span class='ocrx_word' id='word_1_369' title='bbox 1076 4017 1175 4094; x_wconf 76' lang='lat' dir='ltr'><strong>Aegy·</strong></span> 
     </span>
     <span class='ocr_line' id='line_1_44' title="bbox 77 4095 1177 4183; baseline 0.001 -21"><span class='ocrx_word' id='word_1_370' title='bbox 77 4110 305 4183; x_wconf 68' lang='lat' dir='ltr'><strong>pelicanorum</strong></span> <span class='ocrx_word' id='word_1_371' title='bbox 323 4105 525 4162; x_wconf 74' lang='lat' dir='ltr'><strong>sanissimam</strong></span> <span class='ocrx_word' id='word_1_372' title='bbox 543 4105 687 4183; x_wconf 82' lang='lat' dir='ltr'><strong>epocham</strong></span> <span class='ocrx_word' id='word_1_373' title='bbox 707 4099 767 4168; x_wconf 72' lang='lat' dir='ltr'><strong>aino*</strong></span> <span class='ocrx_word' id='word_1_374' title='bbox 783 4109 838 4182; x_wconf 79' lang='grc' dir='ltr'><strong>τῆς</strong></span> <span class='ocrx_word' id='word_1_375' title='bbox 851 4106 1017 4182; x_wconf 79' lang='grc' dir='ltr'><strong><em>Σωθιυκῆς</em></strong></span> <span class='ocrx_word' id='word_1_376' title='bbox 1032 4095 1177 4182; x_wconf 77' lang='grc' dir='ltr'><strong><em>περιόδου</em></strong></span> 
     </span>
     <span class='ocr_line' id='line_1_45' title="bbox 81 4185 1176 4270; baseline 0.002 -24"><span class='ocrx_word' id='word_1_377' title='bbox 81 4193 266 4270; x_wconf 72' lang='lat' dir='ltr'><strong>repetivisse,</strong></span> <span class='ocrx_word' id='word_1_378' title='bbox 296 4199 331 4246; x_wconf 81' lang='lat' dir='ltr'><strong>ut</strong></span> <span class='ocrx_word' id='word_1_379' title='bbox 358 4192 519 4267; x_wconf 81' lang='lat' dir='ltr'><strong>naam&#39;sesto</strong></span> <span class='ocrx_word' id='word_1_380' title='bbox 541 4189 701 4270; x_wconf 82' lang='lat' dir='ltr'><strong>colligitur</strong></span> <span class='ocrx_word' id='word_1_381' title='bbox 724 4211 758 4248; x_wconf 80' lang='lat' dir='ltr'><strong>esc</strong></span> <span class='ocrx_word' id='word_1_382' title='bbox 777 4191 923 4249; x_wconf 82' lang='lat' dir='ltr'><strong>Clemente</strong></span> <span class='ocrx_word' id='word_1_383' title='bbox 945 4185 1176 4248; x_wconf 72' lang='lat' dir='ltr'><strong>Alexandrinas</strong></span> 
     </span>
     <span class='ocr_line' id='line_1_46' title="bbox 81 4273 357 4354; baseline -0.004 -19"><span class='ocrx_word' id='word_1_384' title='bbox 81 4296 151 4354; x_wconf 87' lang='lat' dir='ltr'><strong>quae</strong></span> <span class='ocrx_word' id='word_1_385' title='bbox 164 4295 246 4338; x_wconf 86' lang='lat' dir='ltr'><strong>mere</strong></span> <span class='ocrx_word' id='word_1_386' title='bbox 260 4273 357 4334; x_wconf 83' lang='lat' dir='ltr'><strong>anilia.</strong></span> 
     </span>
    </p>

    <p class='ocr_par' dir='ltr' id='par_1_12' title="bbox 153 4353 1175 4448">
     <span class='ocr_line' id='line_1_47' title="bbox 153 4353 1175 4448; baseline -0.007 -24"><span class='ocrx_word' id='word_1_387' title='bbox 153 4354 204 4424; x_wconf 76' lang='lat' dir='ltr'><strong>’nv</strong></span> <span class='ocrx_word' id='word_1_388' title='bbox 221 4359 317 4423; x_wconf 76' lang='grc' dir='ltr'><strong><em>ἔτεσιν</em></strong></span> <span class='ocrx_word' id='word_1_389' title='bbox 335 4353 426 4442; x_wconf 75' lang='grc' dir='ltr'><strong>υμγ’.]</strong></span> <span class='ocrx_word' id='word_1_390' title='bbox 450 4357 604 4420; x_wconf 72' lang='lat' dir='ltr'><strong>Annorum</strong></span> <span class='ocrx_word' id='word_1_391' title='bbox 624 4357 791 4422; x_wconf 87' lang='lat' dir='ltr'><strong>centuriam</strong></span> <span class='ocrx_word' id='word_1_392' title='bbox 808 4375 905 4448; x_wconf 48' lang='lat' dir='ltr'><strong>unam⁸</strong></span> <span class='ocrx_word' id='word_1_393' title='bbox 916 4357 967 4422; x_wconf 78' lang='lat' dir='ltr'><strong>vel</strong></span> <span class='ocrx_word' id='word_1_394' title='bbox 983 4357 1108 4444; x_wconf 74' lang='lat' dir='ltr'><strong>altepam</strong></span> <span class='ocrx_word' id='word_1_395' title='bbox 1124 4357 1175 4442; x_wconf 81' lang='lat' dir='ltr'><strong>hic</strong></span> 
     </span>
    </p>
   </div>
   <div class='ocr_carea' id='block_1_3' title="bbox 0 0 1434 4714">
    <p class='ocr_par' dir='ltr' id='par_1_13' title="bbox 0 0 1434 4714">
     <span class='ocr_line' id='line_1_48' title="bbox 0 0 1434 4714; baseline 0 1"><span class='ocrx_word' id='word_1_396' title='bbox 0 0 1434 4714; x_wconf 95' lang='lat' dir='ltr'><strong> </strong></span> 
     </span>
    </p>
   </div>
  </div>
 </body>
</html>
