2944 4716
308 312 385 392 512
679 321 1024 396 EltOENDATIONES

307 484 347 546 ad
366 483 568 568 Olympiadem
591 487 661 551 129.
683 479 874 560 Nicomedes,
895 481 1013 562 inquit,
1035 481 1102 542 Rex
1119 481 1295 560 Bithyniae
1308 479 1408 544 Aeto-

307 591 376 629 cum
395 571 497 630 urbem
508 569 662 648 amplians
678 566 889 627 Mcomedtam
904 571 1104 646 nuncupavit.
1146 565 1320 628 Chroniron
1332 571 1411 628 Ale·-

303 656 412 714 xandr.
445 655 482 714 ab
511 655 679 736 luterprete
712 653 829 714 Radero
867 653 1056 714 emendatum
1087 653 1212 714 eandem
1238 653 1409 714 lectionem

324 739 419 800 rebat.

302 761 323 821 p
392 819 681 903 Τοῦλλος”7’πατος.]
703 821 844 901 Ignorant
864 819 982 882 annales
1000 821 1127 882 Romani
1138 823 1254 882 Tullum
1272 825 1406 884 Consu-

223 929 228 944 ·
301 911 361 970 lem
370 911 531 987 Syracusas
547 909 726 989 capientem:
739 909 901 972 onillcov
916 908 1020 968 scribit
1034 909 1314 987 Scaligerllotpag.
1325 913 1404 976 259.

302 1015 374 1056 cum
386 995 540 1055 Metellum
553 995 696 1074 reponere
709 994 865 1056 debuisset.
906 993 1050 1052 Eusebius
1069 995 1109 1052 ad
1122 993 1286 1072 Olympiad·
1302 999 1380 1060 132.

389 1081 457 1158 Pag-
479 1085 550 1145 276.
574 1081 752 1160 Γαλιαρίους
773 1083 932 1150 καλοῦντες
954 1071 1092 1158 adroic]
1123 1079 1238 1138 Falsum
1259 1087 1320 1154 est,
1354 1080 1404 1138 ait

303 1166 412 1226 citatua
427 1165 572 1242 Scaliger,
595 1165 673 1224 ullor
688 1163 822 1223 hominen
837 1165 868 1222 in
883 1163 962 1222 bello
982 1173 1100 1242 coptos,
1123 1174 1155 1224 et
1172 1165 1204 1222 in
1223 1163 1404 1222 servitutem

303 1251 455 1326 redactur,
478 1250 651 1308 allemania
670 1247 815 1308 Gellarioa
835 1249 932 1308 dictos
951 1248 1052 1308 luisse.
1094 1249 1314 1309 Aeserittamen
1328 1249 1401 1308 eiua

302 1335 462 1397 Euaebiue:
484 1342 513 1391 et
528 1333 724 1408 Galliuom'oa,
748 1354 802 1413 per
822 1333 1004 1404 ludibrium,
1025 1343 1061 1392 ut
1082 1334 1176 1392 victis
1196 1333 1322 1393 victores
1342 1333 1401 1392 in-

302 1421 413 1478 aultora
438 1429 654 1487 coneueacunt,
684 1419 787 1478 Galloa
817 1419 918 1498 potuit
945 1418 1098 1478 aestimare
1116 1419 1227 1479 dictor.
1272 1419 1401 1498 Scripsit

301 1503 373 1564 alibi
385 1501 558 1566 modestius.
600 1506 671 1562 Hoc
684 1507 828 1584 nzaapiam
844 1503 937 1584 legere
951 1507 1081 1563 amemini.

387 1581 633 1670 Aieopurtoroy'c.]
655 1591 785 1668 Scaliger
799 1583 1004 1668 udropnce'apc.
1027 1581 1200 1668 adripere«,-
1216 1588 1332 1668 quidem
1350 1589 1400 1650 di·

302 1673 403 1748 citur,
425 1693 441 1732 a
461 1695 518 1754 quo
535 1669 738 1752 αὕταμυτίζω,
758 1685 788 1734 et
803 1675 909 1736 deiude
924 1667 1151 1753 uairopnrtorry'c.

386 1751 580 1840 Ἅρκεσιλᾶς]
604 1760 714 1820 Vocem
724 1754 868 1832 Ἀλκέτας.
889 1753 1014 1818 Librarii
1027 1759 1102 1818 vitio
1117 1759 1266 1838 scriptam
1282 1758 1403 1819 damnat

301 1841 447 1906 Eusebius
460 1845 499 1902 od
517 1845 724 1926 Olympiadem
740 1851 807 1916 127.
828 1845 951 1904 Polemo
958 1843 1166 1922 Philosophua
1180 1848 1402 1923 ναυτέων-,μων

304 1950 393 2009 quem
406 1929 562 1989 Arcesilae
577 1943 605 1988 et
624 1932 729 1991 Crater
742 1931 822 1988 olari
836 1929 991 1992 hahentur.

385 2014 521 2094 Ῥωμαῖοι
535 2012 723 2094 διαφόρους]
745 2013 816 2072 Loci
835 2013 925 2072 huiua
949 2013 1116 2074 emendatio
1130 2014 1282 2092 Scaligero
1298 2013 1399 2074 debita

301 2116 340 2158 ex
356 2099 474 2158 Eusebii
488 2099 606 2177 scriptia
621 2101 655 2156 ad
674 2097 882 2178 Olympiadem
896 2103 965 2166 128.

384 2175 617 2262 Ἀρχιερᾶτευσεν
628 2181 644 2245 ὁ
655 2177 767 2262 Ἰησοῦς
781 2180 846 2257 υἱὸς
854 2181 972 2264 Σιρυὶχ]
995 2183 1091 2244 lerum
1107 2183 1310 2244 Ecclesiaala'ci
1323 2183 1397 2242 scri-

298 2274 417 2347 ptorem
441 2266 572 2326 Simonis
596 2276 730 2348 tompore
753 2268 864 2328 vixisae
892 2269 1025 2346 agnoscit
1050 2268 1220 2329 Cbronicon
1246 2269 1394 2328 Alexand.

298 2369 365 2432 png-
383 2351 455 2416 410.
469 2347 516 2410 hia
531 2351 645 2411 verbio:
668 2348 718 2433 ιβ’.
737 2347 889 2435 ἆρχιερεύς
905 2353 937 2417 ἐν
950 2351 1139 2434 Ἰερουσαλὴμ
1151 2355 1254 2432 Σίμων
1270 2351 1319 2430 ἔνη
1333 2347 1393 2432 api.

297 2429 374 2498 aurci
393 2439 503 2498 τοῦτον
520 2429 635 2518 Ἰησοῦς
650 2435 666 2500 i
682 2442 738 2502 τοῦ
761 2435 856 2520 Σιραὲχ
873 2435 930 2518 τήν
944 2439 1132 2519 καλουμένην
1150 2432 1322 2520 Πανάρεταν
1337 2457 1393 2499 σο-

298 2521 377 2598 φίαν
394 2515 555 2598 συντάξας,
578 2517 750 2586 αὐτοῦτοῦ
770 2527 909 2602 Σίμωνος
922 2520 1143 2604 ἐμνημόνευσεν
1150 2569 1159 2599 ,
1182 2523 1394 2583 Pontificatum
1453 2523 1454 2541 ¹

296 2605 476 2666 ludaeorum
488 2606 620 2668 tenuiore
636 2611 773 2686 ignorent
787 2607 928 2668 historiae
942 2630 1041 2670 sacrae
1050 2655 1058 2686 ‚
1080 2611 1152 2669 licet
1168 2629 1184 2667 o
1200 2608 1394 2668 Pontificibus
1452 2623 1453 2641 l

297 2691 471 2769 aanguinem
490 2692 612 2752 duxiaae
626 2713 688 2754 non
703 2693 890 2754 inficientur:
913 2695 1052 2774 quocirca
1069 2715 1125 2756 nec
1141 2695 1228 2754 illiue
1241 2695 1323 2770 anni,
1339 2713 1393 2754 nee
1451 2703 1452 2739 l

299 2797 448 2836 annorum
474 2797 540 2836 cunr
564 2788 658 2838 aetate
676 2779 780 2838 mundi
801 2799 961 2839 conuenaua
991 2779 1226 2855 examinandus,
1255 2799 1329 2858 quoa
1354 2779 1391 2836 ab
1450 2819 1451 2839 .

297 2863 437 2942 imperito
462 2863 596 2924 Librario
618 2883 813 2944 personarum
840 2865 962 2924 nomine
989 2874 1103 2924 mutato
1133 2874 1311 2924 memorator
1333 2863 1390 2922 de·
1449 2895 1450 2937 y

295 2955 462 3007 monatrare
477 2968 727 3028 aupervacaneunr
743 2959 772 3010 et
784 2949 899 3008 inutile.
942 2949 1054 3009 Vitium
1070 2951 1171 3030 potius
1183 2949 1390 3009 resecandum
1448 2981 1449 3037 y

296 3029 471 3090 Perturbota
487 3033 680 3094 reditionibua
696 3035 872 3095 ludaeorum
886 3035 1065 3114 Republica,
1086 3045 1118 3095 et
1136 3055 1242 3096 eorum
1259 3033 1391 3094 Eccleaia

296 3133 453 3176 aacrorum
470 3117 604 3180 virorum
616 3119 773 3180 sceleribus
790 3120 821 3178 in
845 3139 964 3200 peanum
981 3119 1123 3192 abeunte,
1147 3141 1218 3180 cum
1236 3117 1388 3180 ambitioni

296 3200 440 3260 avaritiae
455 3203 566 3284 rapinis
583 3205 774 3266 Pontificatua
789 3215 819 3264 et
832 3225 881 3264 rea
902 3205 1077 3264 aacratiorea
1096 3205 1314 3278 obiicerentur5
1336 3203 1387 3281 qui

295 3305 314 3344 a
339 3287 521 3348 sacerdotali
545 3293 687 3369 sanguine
705 3291 809 3364 alieni,
831 3290 932 3368 qualea
950 3291 1114 3367 Menelaus,
1137 3300 1168 3350 et
1186 3287 1384 3370 Lysimachus,

293 3372 429 3448 pecuniis
448 3381 477 3432 et
490 3393 648 3436 munerum
662 3377 817 3454 largitione
838 3373 916 3435 viam
934 3374 988 3434 eibi
1001 3375 1039 3434 ad
1058 3375 1289 3436 sacrationimum
1305 3373 1385 3433 Pon·

294 3451 382 3512 tificii
398 3455 511 3533 apicem
531 3471 731 3537 paraverunt,
752 3461 841 3520 iidem
855 3481 871 3520 e
888 3459 1066 3520 Pontificum
1077 3459 1165 3536 albo,
1189 3479 1245 3520 ceu
1258 3457 1384 3540 propha-

195 3607 196 3616 μ
293 3556 418 3608 norum,
440 3540 661 3620 sacrilegorum,
684 3555 713 3604 et
727 3543 918 3606 moechorum
934 3556 1004 3605 nota
1017 3545 1156 3606 inurendi
1171 3545 1282 3625 potina,
1297 3563 1383 3623 quam

294 3624 491 3684 Sacerdotum
506 3629 677 3688 nominibus
691 3627 859 3690 honorandi
876 3629 1073 3710 Chronologia
1093 3631 1248 3712 plerisque
1265 3649 1383 3708 expun-

293 3709 383 3788 gendi
398 3709 455 3770 viai
468 3720 554 3772 eunt:
580 3711 730 3786 Quocirca
745 3715 805 3774 illia
822 3715 1006 3794 praeteritio,
1028 3725 1058 3776 et
1072 3717 1157 3794 quaai
1176 3735 1193 3774 e
1207 3715 1381 3775 Pontificum

293 3793 399 3854 ordine
414 3795 550 3874 deiectio,
576 3819 592 3856 a
607 3799 727 3858 Simone
737 3799 817 3859 inter
828 3799 985 3858 Pontifices
999 3801 1194 3876 duodecimo,
1218 3799 1258 3860 ad
1268 3809 1380 3860 sextum

293 3878 441 3940 decimum
467 3881 568 3942 ludam
595 3904 660 3964 pag.
681 3887 753 3950 287.
777 3885 810 3947 Δ.
833 3895 1047 3961 memoratum,
1076 3887 1157 3946 aoloa
1184 3895 1246 3946 trea
1271 3883 1381 3943 medios

291 3962 455 4024 Authorem
479 3967 608 4028 arbitror
630 3969 827 4046 recensuiaae,
860 3969 911 4050 qui
936 3971 1121 4032 Sacerdotali
1143 3971 1208 4032 aive
1229 3968 1378 4029 Pontificio

292 4051 436 4124 aanguine
452 4051 538 4127 clari,
561 4053 599 4112 ad
614 4074 678 4114 eom
691 4053 862 4132 dignitatem
879 4055 1044 4116 eonomine
1058 4066 1090 4115 et
1103 4057 1168 4116 iure
1180 4053 1310 4136 provebi
1322 4072 1379 4113 me·

290 4142 438 4224 rorantur.
482 4137 591 4197 Oeletia
605 4139 699 4217 igitur
721 4139 928 4199 ePraaeulum
942 4140 1104 4220 laterculo,
1123 4139 1260 4200 Menelao
1280 4147 1309 4199 et
1322 4139 1376 4218 Ly·

291 4215 442 4304 armacho,
471 4231 540 4296 post
563 4223 713 4284 Simonem
736 4223 945 4284 duodecimum
969 4225 1142 4286 Pontificem
1164 4233 1228 4284 tren
1255 4224 1374 4284 eiuadem

291 4293 418 4358 Simoni·
430 4300 518 4382 lilios,
540 4305 647 4368 Ouium
660 4309 801 4371 videlieet
812 4309 875 4370 eiua
888 4311 1018 4372 neminie
1028 4309 1149 4374 tertium
1155 4329 1166 4384 3
1187 4309 1296 4386 imum,
1308 4305 1371 4366 alia·
