2860 4714
347 285 352 294 “
422 267 482 337 ΕΤ
503 269 862 344 ANNOTATIONES.
1117 266 1194 344 369

173 429 242 506 rag.
256 431 308 495 ae.
330 423 462 492 narrt
474 421 634 510 ιαόψηφοο
643 421 786 514 nerim]
801 409 1057 512 Ἶσόρηφκσακο,
1074 434 1193 498 nesea.

89 512 178 590 liger,
202 533 333 592 quorum
350 513 457 574 literae
479 514 646 574 aecurulum
655 528 837 596 potestatem
857 539 1051 577 numerorum
1068 520 1193 582 eandem

89 619 240 657 summam
253 600 430 687 conficient.
451 601 496 660 At
508 595 649 664 θάλασσα
663 614 735 662 eunt
744 604 816 670 441.
829 601 947 685 (melius
958 613 1092 684 puteaeet
1102 604 1190 693 442.)
1208 619 1241 676 Ρ,
1255 625 1288 682 ρρ

87 679 197 764 anteire]
216 695 319 744 autern
340 689 413 752 291.
438 685 569 764 (reperio
587 706 639 766 ego
655 691 738 766 301.)
761 687 911 768 quomodo
932 693 1029 768 igitur
1048 685 1193 772 ίσόψηφα

85 791 148 826 eeee
161 770 232 828 ar't?
254 769 316 830 Sed
324 772 467 847 fortaeee
483 769 652 832 Chaldaice
665 785 736 832 eunt
748 768 898 854 ίσόψηφα.
931 777 977 834 Ne
991 763 1037 832 aio
1051 775 1192 856 quidem:

84 865 117 912 et
131 876 191 934 quo
206 856 332 934 longiae
350 877 371 914 a
385 856 636 934 verorecedetur,
659 879 691 916 eo
706 861 838 938 propiue
853 857 899 918 cd
908 881 1010 940 nugae
1024 861 1193 926 accedetur.

83 939 241 1018 Nugarurn
259 961 328 1020 ergo
350 952 458 1001 metam
480 943 613 1020 Scaliger
631 943 746 1024 attigit,
769 943 822 1024 qui
840 937 981 1025 ἰσόψηφοι
998 945 1030 1004 in
1048 948 1192 1026 numerie,

82 1034 117 1084 et
132 1045 196 1086 non
213 1026 247 1084 in
263 1047 366 1086 eeneue
384 1027 512 1108 paritate
528 1030 654 1110 quaerit.

140 1189 143 1193 ¹
170 1112 242 1190 Peg·
264 1115 317 1178 31.
343 1105 392 1174 Ἐν
415 1118 478 1188 τοῖς
505 1114 706 1197 Κορκυραίων
735 1106 819 1194 δρεσι
842 1115 897 1192 τῆς
916 1103 1106 1194 Ἀρμενίῳ]
1139 1111 1192 1194 Ti,

83 1198 312 1278 Κορκυραίων,
331 1197 507 1258 mendorum
524 1210 584 1275 eet,
607 1199 692 1259 cuiue
706 1197 775 1258 vice
790 1197 995 1278 reponendum
1011 1219 1050 1258 ex
1063 1198 1192 1280 {oeepho

79 1283 290 1363 Κορδυαίων,
311 1303 350 1342 ex
360 1283 528 1364 Epiphanio
544 1283 728 1366 Καρδυίων,
751 1291 781 1342 et
797 1303 834 1344 ex
849 1283 972 1344 Petavio
987 1283 1020 1342 in
1033 1284 1191 1349 Animata.

80 1366 121 1427 ed
135 1365 341 1450 Epiphaniam
359 1370 536 1449 Γορδιαίαυ,
559 1371 640 1450 quod
655 1367 795 1428 Chaldaei
809 1367 1015 1449 pronuncient
1032 1367 1146 1434 Corda.

168 1451 353 1532 Διαμένειυ.]
377 1454 545 1515 Atteetetur
559 1451 703 1534 lonphue
722 1453 774 1512 lib.
795 1459 824 1518 1.
846 1474 914 1534 cap.
930 1451 970 1520 42
984 1453 1017 1518 σί
1033 1449 1192 1537 ίιιιχοίριυι

75 1531 236 1620 Ἀρμένιοι
255 1534 291 1600 eei
312 1541 443 1615 λείψανα
464 1543 521 1618 τῆς
540 1541 671 1621 κιβωτοῦ
693 1532 925 1602 ἐπιδεικνύουσι.
953 1538 1066 1621 λέγεται
1085 1538 1119 1604 δὲ
1138 1539 1193 1604 καί

78 1627 140 1686 roei
155 1625 267 1686 πλοίου
281 1623 314 1686 iv
327 1629 366 1711 τῇ
380 1619 521 1710 Ἀρμενίᾳ
534 1621 611 1708 node
624 1628 666 1707 roi
682 1619 747 1704 ὄρει
759 1626 823 1686 τοῖν
843 1625 1023 1703 Κορδυαίων
1044 1623 1087 1688 tre
1100 1623 1192 1709 μέρος

78 1709 108 1771 ri
134 1703 232 1786 εἶναι,
254 1707 304 1772 καί
320 1711 454 1814 κομίζειν
468 1706 555 1784 τινὰς
567 1715 620 1790 τῆς
639 1703 798 1788 οίσφοίίτου
814 1701 1034 1791 οἶφαοροδνοας.
1060 1713 1191 1792 χροδνοαι

80 1791 118 1857 δὲ
144 1789 273 1874 μάλιστα
293 1796 325 1858 oi
344 1801 507 1874 ανδρωοοοο
526 1799 571 1881 epi
592 1793 777 1876 κομιζομίνω
800 1789 877 1876 κρδο
897 1789 969 1868 rode
989 1785 1191 1876 οίκαοροκιασ·
1206 1819 1225 1828 ”

80 1875 175 1962 petie.
201 1878 331 1938 Armeni
343 1881 461 1940 incolae
471 1881 623 1960 reliquiae
635 1901 726 1940 arcae
741 1855 960 1944 demonetrant.
988 1879 1099 1938 Fertur
1110 1883 1190 1940 enim

80 1977 110 2024 et
136 1968 260 2046 mvr'gii
280 1965 379 2024 leuiua
397 1987 476 2044 para
490 1965 536 2024 ad
557 1977 688 2026 montem
712 1963 941 2044 Gordyaeorum
968 1983 1140 2044 superesse,
1162 1976 1191 2024 et

80 2049 239 2130 quosdam
252 2051 388 2110 bitumen
403 2049 474 2110 inde
489 2051 636 2110 abrorum
650 2063 819 2130 reportare:
840 2072 898 2130 quo
913 2052 977 2110 vice
990 2051 1118 2108 amuleti
1128 2051 1191 2115 loci

81 2139 148 2194 eice
173 2135 312 2195 nominee
333 2139 383 2194 uti
401 2136 506 2200 rotent.
556 2135 743 2216 Epiphaniae
764 2137 865 2196 atatim
887 2135 974 2196 initio
995 2135 1121 2196 Pinarii.
1154 2135 1190 2200 ie

79 2228 144 2296 τοῖς
159 2215 243 2300 ὄρεσι
257 2225 314 2286 roei
328 2214 456 2302 Ἀραρδτ
474 2215 627 2302 ἆυαμίσον
644 2215 807 2302 Ἀρμενίων
827 2219 879 2284 καί
899 2219 1068 2302 Καρδυίων
1090 2219 1124 2284 ίν
1145 2223 1190 2306 τῷ

80 2303 210 2388 Λουβοίρ
229 2301 295 2386 ὄρει
309 2305 496 2392 καλουμένῳ.
535 2305 573 2366 In
588 2305 722 2364 Ararati
739 2306 894 2366 montibu-r
909 2307 1088 2364 Armeniam
1110 2308 1189 2364 inter

80 2403 108 2450 rt
124 2387 275 2452 Cardieoe
296 2393 331 2448 in
354 2391 480 2450 Lubere
499 2391 582 2452 colle.
625 2390 740 2450 Luban
762 2411 858 2470 preve
881 2391 1002 2470 ecripeit
1025 2391 1188 2451 Cedrenne.

81 2479 198 2536 Marcie
215 2475 353 2536 moderni
369 2485 481 2536 vocant
498 2475 632 2551 incolae,
655 2484 686 2534 et
698 2475 778 2534 inter
793 2483 924 2553 aggestae
943 2475 1027 2534 nivee
1043 2475 1188 2553 reliquiae

83 2561 149 2621 illae
166 2561 316 2621 eeaervari
335 2561 526 2641 praedicent:
556 2560 667 2622 montie
690 2559 849 2636 verticem,
872 2579 988 2640 queque
1007 2577 1188 2639 pergyrum

85 2649 191 2706 eminet
208 2656 239 2708 et
261 2647 465 2725 conspicitur,
487 2645 533 2704 illi
554 2654 752 2706 venerentur:
783 2643 821 2702 ab
842 2665 964 2704 aoceeeu
986 2643 1047 2702 loci
1071 2653 1187 2703 eeorete
1211 2643 1213 2648 ’

81 2732 212 2808 virtute,
235 2731 281 2790 eic
298 2731 344 2790 illi
365 2741 528 2806 taetantnr,
551 2749 583 2790 ee
599 2729 769 2810 prohiberir
798 2729 957 2808 columque
973 2727 1061 2786 Incob
1079 2729 1186 2788 Moue-

80 2825 180 2898 ponne
207 2815 412 2892 catholicum,
439 2817 472 2874 id
496 2825 542 2876 eet
562 2815 718 2876 Armeniae
738 2813 913 2890 Primatem,
935 2811 1008 2890 ligni
1033 2813 1185 2892 sregmen-

83 2914 144 2962 tum
159 2903 197 2962 eb
217 2903 329 2979 Angeto
342 2911 498 2980 acceptum
514 2902 547 2960 in
561 2901 674 2980 oppido
688 2899 793 2978 Aqrriri
809 2899 847 2958 ad
862 2899 973 2958 montie
993 2897 1109 2958 radioee
1127 2899 1185 2958 de-

85 2989 234 3067 poenieee,
266 3006 313 3046 ene
339 2987 494 3062 audiente,
525 2987 686 3046 narrabant
708 2983 830 3046 Armeni
861 2985 916 3050 PP.
942 2983 1066 3042 Ordinis
1090 2984 1184 3044 Prae·

86 3073 252 3134 dicatorum
265 3071 323 3132 eoli
344 3071 413 3132 fidei
429 3069 624 3132 Orthodoxee
638 3090 733 3152 neque
747 3069 840 3132 hodie
860 3089 918 3152 per
933 3068 1104 3130 Aemoniam
1120 3087 1185 3130 en·-

82 3156 225 3220 thoritete
240 3158 414 3237 Apostolioe
429 3177 603 3238 praeeonee.

163 3245 235 3322 rag.
256 3247 308 3309 32.
330 3237 388 3306 Διδ
408 3237 510 3306 ecirei
525 3241 670 3324 περὶτῶν
689 3233 847 3320 ἐπείρων]
868 3239 923 3299 iiie
936 3239 1017 3300 inter
1034 3237 1183 3302 Animad-

79 3329 234 3391 vereionee
250 3330 318 3410 pag.
332 3329 403 3395 246.
422 3349 438 3386 e
454 3328 603 3406 scaligero
624 3326 742 3402 relatie,
764 3327 874 3386 Anioni
893 3335 923 3384 et
943 3323 1091 3385 Penodori
1111 3344 1184 3384 een-

80 3417 170 3476 tentie
188 3437 253 3476 non
272 3413 453 3492 reprobetur
465 3413 605 3494 penitere,
621 3412 775 3492 ‚Georgiue
796 3431 867 3474 vere
888 3411 997 3471 velidie
1017 3411 1184 3472 rationibue

83 3501 323 3562 eamineectetne
338 3498 488 3558 landatur.
901 3547 905 3560 .
1006 3510 1008 3518 ·

165 3590 261 3648 Ποιεῖ
272 3584 337 3658 ivor
350 3585 400 3656 ἓν,
423 3583 475 3646 καί
488 3587 587 3664 μῆνας
602 3577 692 3658 iered,
712 3578 763 3644 eni
778 3573 949 3662 ἑβδομάδας
961 3575 1064 3660 τρεῖς]
1087 3577 1183 3638 Aliter
1243 3643 1245 3656 ¹

82 3671 206 3751 Regium
220 3681 251 3730 et
265 3670 392 3730 obscure
409 3669 546 3749 penitae,
568 3668 627 3728 hoc
641 3677 731 3748 pecto
745 3671 838 3746 υῆρος
852 3659 1181 3748 innumeratae

80 3757 182 3824 inu.
199 3749 235 3838 γ’.
259 3775 335 3836 quae
352 3775 483 3836 expenee
496 3763 526 3814 et
541 3753 679 3814 nonnihil
693 3763 826 3813 conecto
846 3751 957 3832 scripte
972 3749 1108 3809 reserent
1126 3749 1181 3826 νῆ-
1216 3783 1220 3807 ι.

85 3865 133 3920 ρος
160 3843 329 3918 ἑξακοσίων
346 3837 469 3922 ἡμεροῦν
490 3846 574 3910 notai
594 3838 659 3912 ἔτος
675 3839 728 3916 iv,
746 3838 797 3901 eci
814 3832 927 3916 ἥμισυ,
948 3831 999 3896 καί
1014 3823 1180 3914 caepione.

84 3927 190 3988 Notern
204 3928 373 4008 ¹quippekt
393 3922 442 4002 τδ,
471 3914 567 4006 ἥμισυ
597 3923 764 4004 eigniiioere
788 3923 843 3982 eoli
873 3929 1012 3982 notarum
1041 3915 1182 3976 neeciunt

84 4013 194 4093 ignen:
215 4007 271 4096 κδ,
291 4005 328 4094 y'.
350 4005 521 4094 μρομδριον,
543 4011 607 4072 eive
628 4011 729 4089 τρίτον
747 4005 837 4088 μέρος
861 4009 1093 4087 repreeeentene.
1135 3999 1180 4061 lte

84 4101 194 4182 qnippe
215 4107 430 4176 comparentur
447 4097 564 4158 numeri
586 4095 688 4176 piuree
707 4093 835 4152 invicem
851 4111 882 4150 ee
900 4096 1057 4168 eequentee
1076 4097 1110 4146 ut
1128 4105 1179 4147 ee-

84 4189 197 4246 eundue
217 4183 259 4244 eit
281 4183 388 4262 primi,
415 4182 522 4242 tertiae
538 4181 662 4242 secundi
682 4176 809 4238 fractior
831 4175 877 4234 eie
896 4171 960 4256 doe
979 4173 1050 4254 μία,
1072 4163 1121 4236 σοι’.
1135 4163 1180 4236 δ’.

85 4266 131 4349 nm.
150 4270 228 4332 hore
243 4289 317 4343 cna,
341 4261 398 4334 11‘.
413 4261 460 4334 4”.
472 4261 525 4334 8”’.
541 4267 647 4326 horem
660 4281 768 4340 unere,
789 4261 904 4322 minute
915 4259 1072 4338 undecim,
1090 4275 1180 4320 eore-
