2944 4716
262 319 340 396 648
403 321 750 398 EMENDATIONES
770 322 832 392 ΕΤ
851 317 1209 392 ANNOTATIONES.

264 495 367 546 tamen
391 483 515 560 omissa,
535 491 652 564 utpote
666 501 729 542 non
743 479 807 540 sola
820 478 854 538 in
868 477 1026 537 adversum
1040 473 1182 554 prolata,
1211 495 1251 536 ex
1269 495 1372 539 anno·

264 591 331 632 rum
347 579 460 650 septem
481 569 617 644 deiectu,
642 587 703 648 quo
727 565 863 643 computi
882 563 943 622 duo
965 559 1024 619 sibi
1046 569 1261 639 opponuntur,
1282 561 1370 623 hune

264 655 318 736 qui
338 654 489 714 Christum
497 643 615 712 'natum
637 651 744 711 mundi
760 653 851 716 5500.
873 647 977 729 ponit,
1006 655 1037 704 et
1059 645 1185 704 alterum
1201 649 1255 725 qui
1270 650 1363 716 6493.

263 740 382 807 merit,
405 759 517 812 uuum,
538 736 679 816 inquam,
702 755 772 794 cum
786 735 880 794 altero
896 731 995 806 coire,
1017 737 1048 788 et
1059 730 1178 788 unicum
1190 751 1232 790 ex
1246 733 1364 793 duobus

263 823 445 884 censendum
467 841 617 902 nusquam
640 820 798 894 assentiar,
814 817 884 898 ,qui
908 817 1044 878 deiectus
1068 817 1215 874 memorati
1223 863 1234 892 ,
1266 827 1300 876 et
1325 839 1365 878 ex

261 909 379 969 defectu
393 907 576 968 discriminis
589 907 676 966 aliam
692 903 908 964 observaverim
922 901 1004 982 apud
1022 900 1181 978 Georgium
1199 903 1362 980 originem,

166 999 247 1057 ΜΕ
262 995 409 1054 minorem
428 992 585 1068 videlicet,
616 1011 704 1072 quem
725 989 857 1068 exquirit
881 991 1008 1056 veritas,
1038 985 1240 1065 quorumpiam
1266 989 1360 1048 Rom.

260 1079 357 1160 impp.
380 1087 521 1154 aetutem,
552 1097 626 1157 quoe
648 1076 672 1136 si
695 1095 787 1154 sequa
811 1083 840 1134 et
862 1073 928 1132 aliis
952 1070 1151 1148 Chrouologis
1174 1073 1358 1133 oonsmtiens

260 1165 368 1228 inisset
383 1163 512 1244 ascripta
525 1163 609 1222 nulla
622 1180 814 1220 numerorum
833 1158 955 1238 peritia,
975 1175 1032 1214 nec
1043 1155 1144 1235 quivis
1164 1157 1358 1218 ulimmune-

260 1269 365 1311 rorum
380 1267 521 1309 occursus
538 1265 667 1305 summas
685 1245 757 1306 duas
772 1244 939 1324 septenario
953 1251 1019 1300 toto
1035 1241 1215 1302 dissidentes
1233 1261 1357 1324 compo-

261 1343 361 1409 neret,
382 1332 529 1392 anthane
547 1331 580 1389 in
599 1331 722 1390 alteram
738 1329 864 1408 migrare
877 1330 1102 1388 demonstraret.

346 1417 379 1480 ‘O
393 1413 477 1500 ἅγιος
487 1417 628 1496 sopores
644 1410 792 1478 ἐκώλυσεν
807 1407 924 1492 osirim]
952 1413 998 1470 ux
1012 1411 1104 1471 variis
1119 1419 1152 1472 et
1163 1411 1357 1492 scriptordsus

260 1503 295 1564 iu
311 1502 441 1562 diversas
455 1511 555 1582 partes
570 1500 746 1560 abeuntibus
760 1501 892 1559 diversas
908 1496 1023 1575 colligit
1041 1506 1071 1554 st
1088 1497 1122 1556 iu
1140 1517 1241 1556 unum
1262 1519 1357 1578 oppo-

260 1588 331 1648 sitas
356 1587 511 1667 opiniones
531 1587 676 1666 Georgius
706 1585 901 1647 conferciunt.
934 1581 996 1642 lam
1014 1581 1140 1660 Babylas
1156 1582 1358 1643 Antiomeuus

259 1673 384 1734 Praesul
396 1674 451 1734 sub
468 1671 556 1730 llecio
570 1691 609 1730 ex
625 1691 690 1752 pag.
706 1675 777 1738 263.
794 1671 828 1730 A.
846 1671 878 1729 C.
901 1677 1101 1748 consequutus
1116 1667 1259 1748 Martyrii
1277 1689 1358 1729 coro-

259 1778 348 1835 nam,
369 1756 421 1817 hic
438 1758 550 1816 iterum
573 1757 661 1815 etiarn
685 1755 862 1815 Antiochiae
882 1753 1002 1814 iubente
1014 1752 1200 1812 Numeriano
1217 1754 1257 1812 ad
1271 1752 1360 1832 gladii

259 1863 390 1924 poeusm
402 1841 543 1903 trahitur.
570 1841 795 1922 Babylaeduo,
818 1850 944 1918 uterque
957 1835 1180 1914 Antiocheuus,
1202 1837 1361 1919 hucusque

258 1927 364 2008 ignoti.
393 1925 615 1988 Antiochenum
632 1947 745 2002 unum,
765 1924 1018 1987 Nicomediensem
1035 1923 1163 1983 alterum
1183 1925 1357 1985 exdiversis

260 2013 438 2073 authoribus
458 2021 603 2072 memorat
623 2011 769 2070 Baronius
787 2011 819 2068 in
841 2008 997 2090 Martyrol.
1011 2008 1049 2068 ad
1069 2007 1205 2068 Ianuarii
1219 2009 1296 2069 diem
1306 2011 1356 2075 24.

257 2095 355 2158 Huius
367 2116 485 2177 quoque
499 2095 669 2154 memoriam
683 2113 744 2153 non
759 2093 909 2174 Episcopi,
932 2093 986 2152 sed
1001 2093 1215 2172 ludimagistri
1231 2097 1359 2156 celebrat

257 2181 414 2244 Menaenm
426 2182 474 2240 dia
489 2178 670 2258 Septembris
684 2177 713 2244 4.
725 2197 830 2238 rerum
837 2177 1012 2238 Maximiani
1027 2188 1162 2259 tempore
1176 2190 1274 2239 morte
1286 2201 1359 2240 con·

258 2264 409 2325 summati.
445 2263 633 2342 Scriptorum
653 2263 756 2342 itequa
776 2257 997 2344 α’λληλομαχίαν
1020 2264 1178 2324 committit
1197 2265 1353 2343 Georgius,

258 2358 289 2408 et
302 2350 433 2429 seipsum
451 2347 587 2428 pluribus
601 2347 671 2407 telis
688 2349 852 2408 instructus
873 2349 1018 2408 confodit.
1049 2349 1192 2408 Accurato
1212 2351 1350 2410 examine

257 2433 462 2494 controversia
474 2431 570 2492 omnis
585 2432 746 2494 discutitur
760 2435 840 2514 apud
852 2434 1005 2494 laudatum
1019 2433 1189 2494 Beronium.

342 2519 410 2597 Peg·
431 2521 504 2585 891.
515 2512 598 2593 Ἕως
618 2510 678 2582 tide
697 2518 870 2602 Συγγέλου]
892 2521 966 2598 Lege
986 2518 1164 2602 Συγκὲλὶου.
1194 2517 1353 2601 Hucusque

258 2603 380 2684 Georgii
387 2601 520 2684 Synrelli
532 2623 606 2684 opus
620 2613 748 2664 mentem
760 2613 791 2664 et
803 2605 949 2664 calamum
959 2603 1098 2664 detinuit.
1121 2605 1198 2683 Ager
1209 2605 1311 2666 brevis
1326 2617 1355 2666 et

257 2700 419 2770 angustus,
448 2687 543 2768 spinis
564 2687 698 2766 obsitus,
728 2687 853 2750 confisa
872 2691 1016 2750 ruderum
1042 2692 1182 2768 congeris
1203 2691 1352 2768 horridus,

255 2776 406 2853 laborem,
430 2793 518 2854 quem
539 2774 588 2834 vir
600 2774 747 2834 librorum
763 2776 898 2836 culturae
916 2775 1030 2856 peritus
1049 2775 1211 2854 conficiat,
1232 2779 1351 2856 gnarus

254 2870 285 2920 et
299 2861 380 2920 iners
393 2860 509 2918 animus
523 2861 708 2935 concredat,
730 2861 935 2920 sustinendum
950 2859 1081 2940 impulit.
1101 2861 1237 2936 Notavi,
1255 2863 1348 2937 arari
1454 2891 1455 2923 l

255 2945 384 3004 excolui.
411 2945 518 3003 Totum
535 2963 651 3025 quaqua
666 2945 769 3026 peleti
786 2945 853 3006 Non
866 2946 994 3025 glorior:
1016 2945 1075 3004 nisi
1090 2945 1128 3006 de
1141 2947 1259 3026 potiori.
1280 2949 1351 3022 Qua
1446 2969 1450 2983 ¹

255 3027 430 3107 diligentis,
451 3029 500 3089 vel
513 3031 658 3090 solertia?
680 3031 840 3092 decernent
855 3031 974 3090 eruditi.
1007 3030 1099 3105 Quod
1115 3031 1155 3091 de
1165 3033 1270 3096 labore
1286 3053 1351 3094 meo

254 3113 403 3174 iudicium
419 3121 478 3174 est:
499 3113 649 3176 incultum
663 3135 777 3194 agrum,
798 3125 830 3176 ot
843 3118 941 3177 solum
957 3118 1055 3191 ferax,
1076 3119 1217 3198 copiosas
1229 3119 1349 3180 sementi
1453 3179 1454 3192 ,

253 3198 443 3281 recipiendae
460 3198 621 3278 idoneum,
639 3209 703 3261 arte
722 3201 839 3262 meliori
854 3223 977 3264 messam
994 3203 1164 3264 uberiorem
1176 3215 1345 3291 roponsu-
1453 3197 1454 3215 ¹

253 3301 321 3344 rum
329 3326 339 3363 ,
357 3305 416 3368 pro
424 3283 500 3368 ⁴rudi
513 3294 544 3348 et
558 3285 676 3350 inculte
691 3285 826 3352 umeros
837 3308 904 3352 urea
920 3299 1019 3354 miro
1030 3289 1177 3373 prosoid's
