2960 4716
271 339 324 416 46
655 347 697 422 G.
718 345 760 417 G.
779 345 985 418 uuuuovu

274 505 509 589 Μακκαβαῖκοῒς
523 503 641 586 tamon
666 537 706 552 -
728 502 767 566 Et
778 523 843 584 pag.
857 508 932 572 273.
949 504 985 564 Ca
1008 501 1049 568 Ἦ
1064 505 1126 568 reio
1147 503 1365 588 Marcidus·
1468 503 1469 584 i

275 588 408 675 ἱστορικὴ
429 586 532 674 γραφή
549 587 620 664 rodo
636 582 786 670 Ἑλλήνων
805 591 936 670 βασιλεῖς
957 585 1017 654 cini
1037 583 1210 672 Ἀντιγόνου
1223 585 1363 674 ἀριθμεῖ,
1468 617 1469 634 ³

273 675 316 759 ἢν
326 672 465 757 Ἰώσηπος
478 675 626 758 ἔγραψεν,
646 669 712 756 ἥτις
723 677 785 738 τῶν
797 671 853 756 μὲν
864 668 1078 738 deomedum
1091 669 1150 742 oo’x
1170 674 1266 753 ἔστιν,
1286 697 1364 760 χρη-

274 763 346 844 σίμη
361 760 395 824 δὲ
405 757 486 824 πάνυ
499 759 642 838 πέφυκεν.
1468 793 1469 824 fi

357 847 469 906 Tamen
482 847 514 905 in
527 844 665 904 hocloco
679 862 746 923 pag.
759 847 830 910 273.
842 841 907 902 fieri
920 861 983 904 non
995 851 1108 925 potent,
1130 843 1203 924 quin
1216 842 1366 904 biatoriae
1468 875 1469 894 2

273 931 387 1013 peritur
403 929 578 990 offendatur.
620 927 860 992 Maccahaeorum
877 927 947 988 libri
962 949 1065 1008 regum
1081 931 1237 1008 Syriarum
1253 927 1364 990 hieto-
1468 987 1469 990 ,

273 1017 348 1078 riern
373 1035 432 1076 non
458 1015 495 1074 ab
515 1015 672 1094 Antigono
691 1013 854 1094 incipiunt,
883 1013 934 1073 ecd
957 1013 993 1072 ab
1014 1015 1167 1074 Antiocho
1189 1013 1363 1094 Epipbmre.
1468 1083 1469 1094 2

274 1101 433 1180 Antigoni,
455 1100 537 1179 quod
556 1098 694 1175 memini,
716 1118 754 1157 nc
767 1097 877 1158 mentio
891 1098 1009 1176 quidem
1022 1101 1100 1160 facte
1115 1109 1160 1158 cat
1170 1099 1203 1158 in
1220 1099 1363 1159 omnibus

272 1185 514 1246 Maccahaeorum
526 1184 619 1244 iibria.
640 1217 683 1230 —
704 1183 806 1260 Dicae,
828 1203 937 1243 nomen
950 1184 1090 1263 Antigoni
1103 1205 1234 1245 errorem
1247 1184 1364 1244 scribae
1468 1191 1469 1198 ’

274 1291 355 1347 cera,
384 1290 419 1329 ac
448 1269 621 1348 legendum,
652 1267 698 1328 uti
727 1269 844 1328 Goarua
873 1287 989 1347 quoque
1013 1271 1120 1346 vortit,
1147 1261 1364 1350 Ἀντιόχου.
1468 1281 1469 1324 1

272 1354 340 1414 Hoc
352 1365 451 1416 autam
463 1353 583 1414 nomine
598 1353 713 1433 posito,
737 1352 808 1431 quid
820 1361 903 1412 totua
916 1351 967 1414 hic
980 1353 1065 1414 locus
1079 1353 1115 1413 de
1128 1352 1276 1414 Antiocho
1289 1352 1364 1434 Epi·
1468 1393 1469 1398 κ

172 1451 178 1466 ’
272 1438 370 1520 phane
383 1438 515 1498 aclibrie
527 1437 767 1498 Maccahaeorum
784 1437 840 1495 eibi
854 1438 988 1497 vultaub
1002 1439 1108 1499 titulo:
1128 1431 1229 1512 Ἀσίας
1244 1442 1364 1520 πρῶτος
1468 1463 1469 1466 ’

274 1521 348 1605 μετὰ
373 1516 569 1604 Ἀλέξανδρον
588 1517 755 1606 Ἀντίγονος
777 1521 989 1602 ἐβασίλευσενῗ
1013 1555 1051 1570 -
1073 1523 1240 1600 Antigonae
1256 1531 1365 1600 regnat
1468 1567 1469 1572 η

274 1610 310 1670 Δ.
326 1608 365 1668 Μ.
379 1607 555 1690 (secundum
570 1605 822 1688 computationem
838 1604 970 1688 Georgii)
986 1609 1085 1685 51713
1107 1605 1270 1668 Anticcbua
1286 1627 1361 1666 vero
1468 1611 1469 1614 ’

274 1692 444 1773 Epiphanes
459 1695 551 1759 6310.
594 1693 728 1752 Goniicio
744 1691 851 1769 igitur,
873 1690 946 1751 baec
966 1692 1057 1753 verba
1072 1694 1106 1752 in
1123 1713 1247 1773 prcrtua
1263 1691 1362 1752 alieno

274 1778 344 1838 loco
361 1779 398 1838 nb
414 1777 510 1838 aliona
524 1797 615 1836 manu
627 1777 743 1837 intruaa
760 1795 834 1852 eaae;
857 1795 946 1856 quam
961 1797 1033 1837 vero
1049 1777 1087 1836 ob
1103 1797 1221 1838 cainam
1242 1797 1300 1836 non
1312 1777 1364 1836 la-

274 1862 362 1938 rius,
392 1861 483 1922 immo
510 1863 628 1940 grauim
650 1861 853 1922 testimonium
878 1861 975 1922 verbia
994 1881 1059 1942 pag.
1083 1863 1156 1929 249.
1179 1863 1301 1940 dmcnt,
1328 1861 1366 1920 in

274 1947 382 2028 quibua
393 1945 536 2027 loaephua
549 1957 654 2008 auctor
668 1945 910 2006 Maccahaeorum
925 1965 987 2006 eeae
999 1955 1100 2026 aperte
1112 1957 1262 2012 narratur.

357 2032 497 2092 Attamen
518 2031 597 2091 banc
617 2031 803 2112 opinionem,
820 2029 980 2110 Ioaepbum
1004 2041 1133 2111 quetuor
1157 2033 1304 2092 librorum
1326 2030 1367 2092 de
1468 2073 1469 2080 κ

274 2115 456 2176 Meccahaeia
477 2125 628 2176 auctorem
649 2137 729 2193 cece,
760 2115 869 2176 nullibi
891 2117 1009 2195 reperi:
1038 2135 1073 2175 ac
1094 2118 1157 2176 iare
1177 2115 1367 2193 crediderim,

275 2201 438 2278 Georgium
456 2201 576 2260 nomine
592 2201 723 2260 auctorit
744 2201 845 2279 quarti
856 2199 927 2260 libri
941 2201 1185 2262 Maccahaeorum
1196 2203 1368 2282 deceptum,

274 2291 304 2344 et
317 2285 398 2363 quod
415 2283 557 2364 ioacpbua
571 2284 604 2344 in
622 2287 709 2346 rebua
727 2285 969 2345 Maccahaeorum
987 2285 1159 2346 enarrandis
1178 2287 1311 2366 primum
1325 2286 1370 2344 li-

273 2368 362 2428 brum
386 2358 627 2430 Maccahaeorum
650 2380 747 2430 totum
770 2371 832 2432 fere
853 2367 1006 2446 exhausit,
1029 2391 1130 2431 omnce
1152 2371 1246 2430 librae
1268 2371 1370 2432 eidem

274 2453 393 2514 auctori
413 2453 566 2514 tribuieaet
588 2473 762 2534 quamquam
785 2475 837 2533 cgo
852 2455 972 2532 quidem
995 2475 1092 2535 neque
1109 2455 1143 2516 in
1163 2465 1268 2535 quarto
1285 2455 1369 2516 libro

273 2538 421 2600 uuonan
434 2537 552 2618 loaepbi
566 2559 623 2600 nec
641 2539 789 2618 cogitandi
804 2557 861 2598 nec
875 2539 996 2600 dicendi
1010 2541 1105 2600 rideo.

358 2622 469 2686 Verum
487 2623 639 2684 enimvero
660 2625 693 2684 in
706 2622 815 2684 borum
829 2621 972 2686 librorum
986 2643 1045 2686 uau
1057 2633 1196 2705 apparet,
1215 2622 1251 2682 ni
1264 2623 1368 2700 fallor,

275 2707 436 2786 Georgium
446 2709 535 2770 robur
547 2718 628 2769 recte
638 2707 1009 2770 diiudicandiehaudeatie
1020 2709 1162 2769 idoneum
1172 2727 1248 2770 earet
1270 2709 1369 2768 omni-

273 2792 331 2854 bue
342 2793 583 2854 Maccahaeorum
596 2794 680 2855 libris
693 2793 824 2854 camdem
839 2795 1047 2854 auctoritatem
1060 2794 1182 2870 tribuit,
1204 2813 1262 2856 nac
1273 2795 1369 2856 verbo

275 2878 397 2956 quidem
416 2879 546 2957 indicat,
567 2880 698 2958 primum
722 2879 833 2939 librum
855 2888 886 2938 et
903 2876 1140 2955 antiquiaaimum
1160 2887 1191 2937 et
1207 2877 1369 2957 integerri-

277 2979 360 3020 mum
381 2961 503 3020 cacteria
516 2963 580 3022 aine
595 2963 676 3022 omni
695 2963 880 3023 dubitatione
900 2961 1127 3042 praeferendum
1148 2981 1220 3028 eaae.
1263 2961 1369 3042 Origi-

276 3046 359 3104 nitua
371 3043 510 3106 hebraica
523 3046 652 3126 ecriptua
664 3047 738 3108 suite
760 3065 829 3106 nam
843 3046 977 3124 Origines
990 3045 1035 3128 (in
1046 3047 1163 3108 Emebii
1176 3047 1281 3109 histor.
1293 3049 1370 3115 eccl.

278 3128 330 3194 vt.
352 3151 416 3210 cap.
436 3127 500 3212 25)
522 3131 594 3192 citat
614 3132 735 3192 titulum
748 3129 926 3192 Hebraicum
943 3127 1075 3212 Σαρβὴθ
1091 3129 1231 3216 Σαρβανέ
1251 3133 1284 3196 u
1302 3133 1327 3194 i.
1342 3153 1372 3198 e.

279 3205 322 3294 he!
335 3229 385 3302 un
399 3218 459 3300 mig
479 3223 584 3301 unt),
606 3214 730 3278 bietoria
745 3217 916 3298 principum
930 3215 1061 3276 filiorum
1075 3217 1129 3278 Dei
1137 3239 1146 3294 ;
1169 3227 1199 3277 ct
1213 3217 1371 3297 Hierony·

276 3300 655 3466 ttrittttttttt
669 3301 1371 3468 b⁸ffi581¹⁸amiiii'iffioifflbiff

619 3430 627 3446 ο
807 3433 816 3450 0
975 3433 984 3462 2
1355 3419 1371 3434 ⁰

277 3487 337 3550 pua
349 3466 529 3530 Hebraicum
540 3469 729 3551 deperditum
741 3490 804 3530 eaae
817 3471 922 3532 videri.
964 3470 1085 3530 Mambri
1096 3491 1169 3533 vero
1182 3493 1199 3531 a
1212 3473 1279 3534 uiro
1292 3491 1371 3552 quo-

279 3551 351 3614 dem
364 3551 537 3614 doctireimo
553 3555 672 3633 audire,
693 3555 727 3616 in
746 3553 926 3616 bibliotheca
945 3553 1160 3634 Eamburgonai
1175 3555 1313 3638 publica,
1335 3557 1372 3618 in

279 3657 340 3716 qua
355 3637 454 3718 plnres
474 3638 546 3698 libri
566 3641 760 3722 manuscripti
779 3639 912 3701 hebraici
928 3639 1136 3722 reperiunnar,
1158 3661 1221 3702 eaae
1236 3641 1372 3722 primum

278 3721 390 3784 librum
421 3723 662 3786 Maccahaeorum
707 3725 941 3806 manuscriptum
975 3723 1160 3786 hebraicum.
1195 3759 1239 3776 ·-
1279 3725 1372 3786 Liber

200 3823 203 3830 '
278 3807 425 3868 acmmdue
434 3807 531 3867 multo
541 3809 690 3873 recentior
700 3821 745 3870 cat
756 3831 793 3870 ac
801 3809 927 3871 similior
939 3809 1078 3887 carmini,
1099 3831 1190 3891 quam
1202 3809 1373 3872 narrationi

280 3901 554 3970 rerumgestarum.
595 3895 683 3956 Liber
702 3895 825 3973 tertiae,
846 3896 951 3956 merito
968 3914 985 3955 e
1004 3893 1110 3955 bibliie
1118 3895 1227 3956 noenia
1243 3895 1372 3974 ciccum,

280 3977 388 4059 planua
405 3985 450 4038 cat
464 3977 741 4042 abeurdiaaimarum
755 3979 941 4060 fabularum,
961 3979 1134 4040 nominibus
1146 3979 1299 4042 historicia
1314 3979 1373 4040 in-
1468 4045 1469 4064 ,

347 4125 410 4182 libri
423 4125 632 4182 Maccahaeorum
651 4144 701 4182 noa
726 4111 813 4199 mqua'
829 4129 863 4183 ad
889 4128 988 4184 chniu
1010 4129 1122 4184 natalem
1141 4127 1209 4184 dian
1229 4127 1374 4200 pertinuit,
1468 4107 1469 4178 i

349 4203 377 4248 et
389 4195 486 4268 scripta
497 4195 601 4267 Ioacphi
615 4213 664 4250 noa
677 4197 755 4250 colum
766 4215 809 4252 rea
826 4203 914 4269 gesbaa
929 4199 1082 4254 Iudaeorum
1100 4215 1181 4270 aeque
1193 4197 1227 4251 ad
1239 4197 1375 4252 Cbriemm
1468 4233 1469 4260 ,

349 4265 1001 4406 Mfflfflobgmmcfflhctm
1043 4269 1082 4324 m
1097 4267 1184 4338 loom,
1198 4267 1293 4340 inquo
1307 4267 1375 4322 hacc

566 4369 576 4404 2
