2960 4716
303 345 355 420 ee
665 329 1017 420 'c.c.unuu0vu

302 511 437 580 infinitae
455 507 655 570 multitudinis
668 525 731 570 non
746 506 863 570 ambas.
906 507 1017 570 Eodem
1043 504 1134 568 modo
1146 515 1176 568 et
1188 507 1320 570 aliorum
1333 529 1398 572 uu-

302 615 452 661 msrorum
474 594 596 654 uomina
618 603 685 656 orta
711 613 774 655 essa
794 593 951 655 videntur:
972 600 1065 681 aggo,
1088 592 1167 670 duo,
1188 615 1206 652 ι
1227 599 1309 678 naut,
1330 595 1400 656 ite-

303 681 397 757 ravit3
416 677 593 740 semmaa
605 679 702 760 eequi;
724 677 819 756 invio,
840 698 953 754 wem,
965 681 1048 758 neuf,
1062 699 1150 754 mun,
1169 698 1187 735 s
1198 699 1291 738 novo:
1312 679 1404 740 unde

302 766 369 848 quis
380 785 444 826 non
464 765 538 824 falso
556 765 691 844 colligat,
712 765 820 826 seriem
834 783 1026 824 numerorum
1043 761 1202 841 originitus
1217 763 1251 822 in
1268 783 1402 824 numero

301 859 407 912 octavo
429 849 545 909 fimum
565 851 672 928 luisse3
693 847 840 930 paulatim
863 867 935 909 vero
953 868 1065 909 novum
1083 867 1243 910 numerum
1259 847 1404 910 additum

302 953 379 1013 esee,
401 934 451 994 cui
463 933 534 995 inda
546 955 656 996 nomen
672 955 710 995 ex
725 953 802 994 novo
816 933 968 994 manserit.

385 1019 483 1080 Imber
502 1017 608 1100 igitur,
630 1019 683 1101 qui
701 1019 885 1100 mouoaper
903 1017 1017 1080 diesin
1036 1025 1147 1078 terram
1169 1017 1277 1094 irruit,
1300 1017 1403 1078 imber

302 1101 511 1186 quodraginta
533 1105 648 1166 dimum
669 1113 724 1172 est.
773 1103 813 1164 Et
833 1101 1044 1184 quadraginta
1066 1105 1141 1162 aeusi
1166 1107 1274 1189 perspi,
1297 1103 1402 1182 αἰῶνι,

302 1189 495 1268 generationi,
515 1191 634 1250 saecule
647 1188 836 1270 respondent
877 1188 976 1250 David
989 1187 1148 1268 imperavit
1160 1192 1216 1272 μιᾷ
1228 1191 1318 1274 perspi
1332 1187 1353 1246 'a
1372 1209 1404 1250 e.

302 1293 341 1334 ex
360 1273 533 1335 Hebraismo
559 1273 754 1354 quadraginta
766 1293 820 1354 per
836 1292 938 1336 annos.
989 1273 1040 1332 Sic
1053 1273 1156 1334 locum
1170 1272 1268 1332 Exodi
1286 1279 1316 1338 2·
1342 1277 1401 1338 11:

302 1379 414 1440 „quum
429 1359 523 1420 Moses
538 1359 787 1438 magnuafoctur
799 1367 876 1418 esset
888 1351 970 1440 (¹:123
979 1353 1007 1442 ),
1029 1377 1162 1436 emerem
1177 1367 1224 1416 est
1237 1357 1277 1418 ad
1290 1358 1401 1418 fratres

301 1442 394 1506 suos''
415 1441 583 1522 Stephanus
603 1443 637 1502 in
657 1443 739 1504 Actis
760 1443 893 1524 Apostol.
912 1449 944 1508 7.
965 1446 1017 1510 23·
1039 1441 1156 1504 reddit:
1176 1441 1278 1515 Quum
1298 1442 1403 1504 Moses·

300 1525 514 1608 quadraginta
535 1548 686 1587 annorum
703 1537 794 1603 essct,
815 1547 948 1606 egressus
966 1535 1021 1588 eat.
1064 1527 1104 1586 Et
1118 1527 1263 1606 Georgius
1279 1537 1400 1604 uester,

301 1631 390 1690 quem
410 1631 475 1692 pag.
493 1617 563 1680 121.
581 1613 617 1672 1).
637 1607 832 1694 ἀνδρωθέντα
845 1611 979 1689 dixerat,
999 1611 1135 1672 eumdem
1146 1611 1250 1672 Mosen
1259 1631 1324 1692 pag.
1342 1631 1399 1672 ae-

300 1696 405 1778 quanti
429 1701 498 1762 122.
512 1697 548 1756 A.
562 1697 760 1776 quadraginta
773 1717 868 1756 anuos
882 1705 985 1756 natum
999 1695 1083 1756 dicit.

384 1781 481 1842 Etiam
503 1801 542 1842 ex
560 1781 618 1842 bac
638 1783 754 1842 numeri
770 1781 949 1858 quadrageni
961 1789 1068 1840 natura
1084 1788 1224 1860 apparet,
1246 1787 1398 1857 quantum

222 1907 226 1918 ι
301 1866 489 1926 auctoritatis
509 1865 594 1926 libris
614 1865 803 1946 Apocrypbis
822 1865 855 1926 iu
871 1865 958 1926 rebus
971 1863 1122 1926 historicis
1136 1861 1327 1926 tribuendum
1343 1863 1398 1928 sit.

386 1951 453 2029 Peg.
474 1951 504 2016 6.
525 1961 555 2012 et
575 1957 605 2018 6.
627 1952 773 2030 Georgius
796 1951 902 2011 Vitem:
916 1947 1035 2010 Adonai
1048 1949 1140 2024 citat,
1160 1969 1199 2008 ex
1222 1969 1282 2030 qua
1301 1949 1399 2010 refert

299 2053 458 2096 numerum
473 2035 605 2111 dierum,
627 2036 734 2116 quibua
751 2035 862 2096 bestiae
876 2033 998 2094 nomina
1014 2034 1136 2094 sortitae
1149 2034 1228 2110 sint,
1253 2053 1313 2113 quo
1329 2034 1397 2094 Era

298 2120 426 2180 fonuata
433 2162 443 2195 ,
464 2140 523 2198 quo
535 2121 681 2194 Adamas,
704 2138 824 2199 quoquo
837 2117 885 2178 die
898 2119 963 2180 Eva
975 2118 1008 2178 in
1019 2118 1192 2180 Paradisum
1206 2117 1330 2178 inducta
1344 2118 1397 2182 sit.

298 2203 414 2262 Nullibi
434 2213 553 2283 praeter
565 2204 725 2284 Georgium
746 2203 926 2264 mentionem
943 2201 1032 2264 buius
1052 2203 1121 2266 libri
1143 2205 1252 2263 lactem
1267 2223 1331 2264 esse
1345 2223 1397 2264 re-

297 2286 400 2366 perio,
422 2296 468 2368 ct,
488 2289 521 2348 ni
542 2289 643 2366 fallor,
665 2309 734 2369 pars
756 2289 900 2368 quaedam
914 2289 1029 2369 saepius
1045 2289 1151 2348 citatae
1164 2307 1275 2368 parvae
1289 2289 1398 2348 Gene-

296 2389 362 2430 seos
375 2371 445 2430 tuit.
486 2371 593 2432 bladus
616 2373 756 2434 narrandi
775 2373 809 2432 in
828 2381 955 2453 utroque
979 2373 1058 2433 libre
1079 2373 1158 2434 idem
1178 2381 1240 2448 eet:
1261 2383 1353 2451 atque
1376 2391 1397 2432 e

296 2475 390 2535 parva
415 2456 538 2534 Genesi,
560 2458 593 2518 in
618 2477 677 2537 qua
697 2466 779 2518 certe
795 2461 912 2524 venatio
931 2457 1060 2518 hominis
1079 2467 1108 2518 et
1126 2457 1189 2516 vita
1201 2455 1235 2514 in
1247 2455 1397 2517 Paradiso

237 2535 243 2552 ¹
295 2557 360 2598 non
380 2541 488 2600 emissa
503 2541 579 2620 luit,
602 2541 750 2602 Adamnm
774 2563 853 2602 anno
875 2552 1013 2604 ceurae
1032 2541 1168 2604 Paradise
1180 2540 1309 2600 eiectum
1327 2561 1396 2603 esso

295 2623 549 2704 eodemqueanno
567 2647 691 2688 :morem
704 2629 798 2688 Evam
815 2627 990 2706 cognovisse
1005 2637 1160 2702 narratur,
1181 2644 1279 2704 neque
1290 2625 1394 2687 ullum

293 2709 420 2769 verbum
442 2711 479 2770 de
494 2711 599 2772 Adami
621 2712 788 2772 creatione:
810 2713 910 2772 omnia
924 2731 1015 2790 vero,
1036 2729 1112 2792 quae
1127 2710 1160 2770 in
1173 2730 1265 2790 parva
1281 2709 1392 2770 Genesi

294 2791 509 2871 desiderantur,
532 2817 548 2856 s
565 2796 629 2856 vita
641 2797 747 2858 adami
759 2797 915 2877 desumpta
926 2797 1008 2874 legis.
1049 2796 1130 2854 Huic
1144 2815 1206 2854 non
1222 2804 1391 2874 oppugnet,

293 2879 375 2954 qued
389 2881 532 2956 Georgius
544 2880 600 2938 hos
614 2891 756 2960 tanquam
765 2881 922 2940 duolibros
937 2879 1078 2937 discernit
1093 2899 1123 2957 p.
1131 2880 1161 2944 6.
1172 2880 1206 2938 Δ.
1223 2878 1329 2959 (naqa
1341 2883 1392 2942 λε-

292 2962 370 3038 πτῆς
392 2961 534 3042 γενέσεως
559 2963 625 3026 sci
649 2968 705 3028 roei
735 2961 894 3046 urentem
920 2963 990 3043 βίον
1014 2955 1131 3044 Ἀδάμ.)
1179 2962 1278 3022 Etiam
1306 2963 1390 3024 scri·

291 3052 394 3124 ptores
410 3044 610 3124 diligentiores
630 3058 729 3128 partes
753 3049 825 3110 libri
846 3067 915 3108 cum
935 3045 1182 3127 inscriptionibus
1200 3047 1293 3108 totius
1313 3047 1389 3109 libri

292 3128 493 3208 coniungunt,
514 3133 687 3212 praesertim
708 3135 786 3193 siin
806 3151 863 3193 usu
883 3141 945 3209 est,
965 3141 1080 3212 partem
1096 3131 1195 3212 operis
1207 3131 1390 3194 nobiliorem

291 3211 380 3272 titulo
402 3235 456 3277 auo
470 3215 650 3296 distinguere
671 3215 723 3300 ¹⁴).
765 3219 804 3278 Et
818 3217 900 3298 quod
912 3217 995 3276 litem
1013 3217 1142 3278 dirimit:
1164 3215 1292 3276 llichael
1309 3217 1388 3299 Gly-

291 3315 342 3354 ⁰⁸⁸
367 3318 432 3377 Peg·
445 3304 515 3366 211.
530 3301 644 3375 eadem,
666 3323 742 3382 quae
754 3303 899 3382 Georgius
914 3311 1017 3362 noster
1031 3321 1049 3363 e
1061 3301 1125 3365 vita
1139 3299 1246 3362 adami
1256 3301 1343 3381 citat,
1366 3323 1387 3364 e

288 3399 384 3461 parva
399 3384 503 3444 Genesi
516 3387 674 3466 sumpsisse
686 3396 818 3448 testatur.

373 3467 501 3546 Longius
525 3471 721 3548 fragmentum
733 3470 876 3550 Georgius
896 3469 983 3532 nobis
1000 3469 1132 3532 servavit
1148 3469 1271 3544 ebbro,
1290 3489 1385 3550 quem

287 3549 472 3610 Enochua
484 3555 634 3634 scripsisse
648 3557 804 3632 ferebatur,
821 3555 925 3636 cuique
938 3565 1022 3616 tants
1037 3557 1198 3616 aucteritas
1207 3555 1287 3616 inter
1295 3553 1384 3616 Chri-

287 3633 401 3694 stianos
416 3636 636 3716 antiquissimos
650 3641 726 3718 fuit,
747 3650 784 3700 ut
795 3641 999 3700 Tertullianus
1009 3641 1041 3699 in
1060 3640 1139 3700 libro
1154 3639 1191 3700 de
1207 3639 1384 3700 Idololatria

286 3733 353 3800 cap·
379 3721 428 3786 15.
460 3721 603 3802 Spiritum
619 3733 755 3785 sanctum
769 3745 824 3806 per
836 3725 1013 3807 prophetem
1027 3725 1183 3785 Enocbum
1196 3745 1244 3786 rea
1262 3726 1383 3785 futurae

284 3805 498 3884 praececinisse
515 3819 657 3888 censeret,
678 3829 858 3890 quamquam
878 3831 972 3890 neque
985 3809 1064 3889 apud
1079 3809 1212 3888 ludaeos,
1234 3809 1383 3888 usquein

284 3887 425 3950 Ecclesiie
441 3889 609 3952 christianis
628 3915 684 3976 pre
707 3894 812 3956 divino
827 3895 905 3956 libro
920 3893 1040 3954 babitus
1056 3903 1108 3953 est.
1150 3893 1325 3975 Saepissime
1339 3911 1383 3954 ex

284 3990 320 4031 eo
335 3975 467 4034 narratio
481 3975 518 4034 de
532 3979 698 4059 Egregors'e
711 3979 828 4040 citatur.
875 3979 942 4039 Hoc
962 3978 1083 4040 nomine
1106 3987 1254 4039 vocemmt
1275 3977 1383 4039 ludaei

282 4056 425 4138 Angelos,
440 4079 457 4120 e
471 4061 591 4123 Daniele
607 4085 672 4145 cap.
684 4067 714 4131 4.
728 4085 805 4126 vers.
821 4067 877 4130 10:
891 4083 982 4143 „eccs
997 4079 1049 4145 ‘aar
1063 4072 1093 4124 et
1106 4073 1227 4124 sanctus
1240 4063 1277 4122 ds
1292 4065 1380 4124 coelo

315 4183 365 4254 14)
382 4189 502 4246 Occurrit
518 4191 587 4246 iorts
606 4192 650 4247 bic
662 4195 732 4249 locus
752 4189 1006 4267 llpipbaniia'Egese
1024 4191 1057 4250 di
1073 4194 1121 4252 acl
1141 4193 1250 4252 serires
1261 4192 1315 4266 τὴν
1329 4193 1379 4264 ἔρ·

347 4257 695 4400 ambagimus
709 4263 899 4337 soleedrp
914 4265 1030 4339 βίβλῳ
1043 4262 1139 4332 suad
1152 4267 1288 4340 Μαῦσῇ
1301 4259 1380 4323 cirea
