2888 4714
288 325 365 402 494
665 329 1009 402 uaffinusrtottsss

373 485 641 576 Nafloozodovdoop
656 482 693 552 κ’.
710 489 775 566 ἔτει,
793 483 906 570 κόσμον
923 485 957 551 di
969 479 1077 575 Μ]
1098 489 1394 554 Nabuchodonosor

288 597 383 640 annus
400 580 556 658 vigesimus
578 575 687 637 muudi
707 577 801 642 4908.
821 574 972 654 illigatur,
999 595 1037 634 ex
1059 579 1221 658 corruptis
1244 578 1395 640 Autboris

290 663 420 727 calculis.
463 665 559 722 Aliam
571 681 764 722 numerorum
776 659 922 721 rationem
936 661 1051 739 profert
1066 661 1218 740 Georgius
1230 684 1302 744 pag.
1313 666 1391 730 225.

286 750 372 809 litera
390 749 426 810 D.
449 757 480 807 st
498 747 680 807 devastatam
699 745 975 828 Hierusalemkanno
995 746 1103 806 muudi
1126 749 1218 814 4903.
1234 758 1387 810 recenset.

287 833 334 894 td
353 851 422 892 eum
437 832 528 912 igitur
548 831 653 890 mundi
671 829 764 897 4904.
777 840 807 889 et
826 827 1101 890 Nabuchodonosor
1115 833 1275 909 &seimus
1294 853 1387 892 cam-

234 983 236 990 ,
284 927 440 1024 parantur.
482 918 592 978 Errant
606 937 697 996 porro
712 935 787 994 quae
801 915 911 996 scripta
929 925 1000 974 aunt
1017 916 1050 976 in
1064 917 1203 996 margine.
1223 921 1386 998 οημείωσε

286 1025 331 1068 οτι
344 997 395 1066 ae'.
409 1006 464 1070 soi
478 1007 528 1064 Να
550 994 758 1081 ονχοδονόσορ.

377 1091 439 1150 Τοῦ
454 1085 486 1150 di
501 1105 612 1165 sorssors
628 1081 755 1170 ‘dibloCJ
773 1083 984 1144 Chaldaeorum
998 1105 1103 1165 regum
1115 1082 1330 1145 redundantem
1346 1095 1380 1146 et

288 1193 444 1234 erroneum
469 1173 616 1232 calculum
642 1169 778 1248 sequitur
802 1167 853 1228 bio
880 1189 1029 1232 numerus.
1073 1171 1269 1231 correctionis
1286 1170 1379 1230 indi-

288 1279 353 1320 cam
376 1257 408 1316 in
429 1257 589 1335 marginem
612 1255 710 1318 retuli.
757 1255 833 1332 Lege
860 1265 1033 1334 sequentem
1062 1255 1205 1335 marginis
1230 1257 1376 1317 obma-

286 1345 409 1404 tionem.

371 1427 438 1502 Peg.
459 1427 530 1489 231.
556 1415 651 1498 Οὗτος
663 1418 717 1486 riv
731 1418 801 1487 oliv
817 1416 956 1504 losuaslp,
976 1417 1137 1504 Ἰεχονίαν]
1162 1425 1271 1486 Prioris
1283 1424 1377 1484 (ibal-

287 1509 426 1570 daeorum
448 1509 524 1588 regis
545 1509 651 1568 Eviiad
673 1506 834 1568 Merodecb
855 1509 940 1568 fastis
960 1529 1099 1589 praesens
1119 1510 1255 1570 narratio
1276 1511 1375 1582 sacri-

285 1593 393 1656 benda.
437 1596 568 1652 Pactum
583 1607 626 1654 est
640 1595 675 1652 in
688 1615 766 1654 anno
783 1595 936 1672 trigesimo
952 1599 1074 1674 septimo
1094 1597 1376 1675 transmigrationis

286 1679 425 1742 Inachius
445 1683 525 1760 regis
546 1679 642 1756 Iuda,
670 1701 766 1738 mense
791 1677 983 1754 duodecimo,
1010 1683 1164 1758 vigesima
1184 1684 1309 1760 septimo
1326 1679 1376 1738 dit

287 1769 415 1844 mensis,
437 1765 605 1824 sublevavit
619 1761 830 1824 Es’ilmerodoc
846 1785 896 1822 rea
910 1764 1081 1841 Babylonis
1096 1787 1181 1824 anno
1198 1787 1260 1845 quo
1274 1787 1379 1846 ragran-

287 1871 320 1912 ra
335 1861 479 1930 coeperat,
494 1863 587 1930 eaput
602 1850 738 1909 Joaclsina
754 1847 922 1930 regisluda
935 1847 1106 1911 decurrere.
1123 1849 1155 1916 4.
1169 1853 1239 1928 Reg.
1254 1873 1319 1930 esp.
1329 1853 1380 1916 25.

286 1955 383 2082 ¹qualpq
394 1935 582 1996 scribendum
593 1936 627 1996 iu
640 1945 728 1996 textu
739 1929 878 2014 Ἰωαχείμ.
921 1933 1030 1996 Eadem
1049 1955 1117 2016 pag.
1140 1937 1311 2016 praeconiis
1329 1935 1378 1996 lit.

314 2065 321 2080 .
384 2031 423 2082 ta.

376 2125 438 2185 Τοῦ
453 2120 485 2184 di
500 2116 614 2202 κόσμου
633 2111 763 2204 ,tundi
791 2113 842 2182 Ἐν
863 2117 967 2194 ἄλλοις
981 2143 1010 2183 τι
1025 2114 1204 2203 διήμαρτον.
1250 2122 1288 2182 In
1308 2123 1380 2201 qui-

285 2204 417 2264 busdam
435 2208 541 2284 lapsus
559 2225 628 2264 sum
648 2215 676 2262 et
692 2209 835 2284 peccori:
857 2207 962 2266 scribit
982 2205 1101 2266 Autbor
1127 2207 1227 2288 pagio.
1250 2211 1321 2273 228.
1346 2207 1378 2268 G.

285 2291 383 2362 Quem
397 2289 558 2349 verissime.
601 2290 709 2364 Quoad
722 2290 878 2352 Medorum
894 2292 971 2351 enisu
989 2309 1092 2369 regum
1107 2299 1255 2372 tempora,
1278 2301 1308 2349 et
1320 2291 1379 2350 de-

262 2373 422 2450 ductam,
446 2394 484 2434 ex
504 2393 606 2435 eorum
627 2377 812 2454 temporibus
832 2395 992 2452 summam,
1014 2385 1127 2455 septem
1149 2376 1266 2454 integris
1287 2375 1376 2434 annis

282 2457 334 2519 bic
353 2468 467 2540 peccat.
511 2461 670 2542 Astyages,
691 2461 803 2539 inquit,
825 2463 909 2520 annis
932 2469 1000 2519 octo
1021 2481 1114 2540 supra
1131 2461 1252 2540 triginta
1263 2479 1375 2538 regua-

281 2545 346 2620 rit,
367 2553 398 2602 et
420 2565 436 2602 a
458 2545 582 2606 conditu
603 2546 708 2605 mundi
722 2567 800 2606 auno
818 2547 910 2613 4921.
926 2545 1071 2624 regnandi
1087 2547 1161 2605 fecit
1181 2545 1316 2606 initium:
1337 2543 1377 2604 ad

282 2650 393 2689 annum
411 2629 511 2710 itaqua
524 2632 616 2698 4958.
631 2651 755 2709 regnum
769 2633 924 2710 protraxit.
967 2632 1013 2689 En
1035 2639 1134 2690 tamen
1148 2640 1185 2690 ut
1198 2631 1296 2710 Cyrus
1309 2651 1378 2690 suc·

283 2735 383 2776 cesaor
399 2725 428 2774 ot
442 2717 562 2776 invasor
576 2715 638 2774 eius
655 2716 822 2796 tyrannidis
836 2737 852 2774 a
870 2715 973 2774 mundi
988 2715 1082 2782 4952.
1097 2715 1175 2776 solio
1192 2736 1261 2775 eum
1273 2717 1376 2776 detur·-

282 2799 351 2876 bat3
375 2801 541 2880 quinimmo
561 2801 704 2880 Georgius
724 2803 788 2882 ipso
803 2809 869 2860 octo
891 2809 920 2860 et
940 2799 1062 2878 triginta
1086 2801 1173 2859 anuis
1193 2821 1260 2860 eum
1277 2801 1375 2878 impe·

280 2905 362 2946 rasse
383 2887 553 2964 frequenter
572 2893 726 2966 repetens,
746 2905 891 2946 annorum
915 2894 1027 2963 septem
1043 2885 1144 2944 locum
1160 2885 1192 2944 iu
1203 2883 1307 2943 mundi
1320 2904 1375 2942 ae-

281 2979 345 3028 tate
364 2972 518 3050 praeripit.
568 2970 701 3030 Dicemus
718 2970 838 3050 Astyagi
860 2973 910 3036 31.
935 2971 1081 3029 duntaxat
1104 2991 1196 3028 annos
1217 2969 1377 3050 imputau-

283 3051 359 3112 dos'l
386 3053 421 3112 iu
444 3057 601 3115 adversum
624 3065 782 3114 occurrent
806 3073 978 3114 communes
999 3053 1257 3136 Chronologorum
1280 3074 1375 3129 voees,

282 3135 403 3197 Eusebii
418 3141 561 3217 maxime,
583 3140 717 3219 Astyagis
737 3161 830 3212 annos
846 3143 896 3205 38.
916 3140 1126 3208 contestantis,
1148 3141 1269 3200 resistet
1284 3139 1374 3200 Medis

282 3221 400 3299 regibus
414 3233 444 3283 et
460 3245 561 3285 eorum
578 3227 703 3306 imperio
720 3225 756 3284 ab
773 3225 885 3285 Arbace
901 3225 999 3306 primo
1016 3225 1055 3284 ad
1067 3225 1226 3306 Astyagem
1237 3225 1373 3284 ulfinum

282 3307 479 3368 ducentorum
495 3321 525 3368 et
538 3311 726 3390 septuaginta
741 3310 874 3391 quinque
894 3329 1039 3370 annorum
1057 3329 1219 3385 numerus,
1237 3307 1372 3367 amandi

279 3391 424 3450 nimirum
440 3394 532 3460 4676.
551 3397 589 3454 ad
606 3395 736 3456 eiusdem
752 3397 843 3462 4951.
861 3393 978 3474 abipso
996 3393 1122 3473 Georgia
1145 3403 1275 3455 assertas
1294 3393 1373 3452 inira

281 3493 348 3556 με·
363 3477 436 3542 359.
456 3480 595 3556 quocirca
608 3479 761 3541 Medorum
776 3481 867 3538 alicui
886 3479 1020 3560 Principi
1038 3499 1133 3538 annos
1156 3489 1270 3560 septem
1287 3477 1374 3537 iuda-

280 3559 361 3620 bitos
375 3561 495 3621 incauta
508 3584 599 3624 manu
613 3567 688 3624 islso
709 3565 852 3646 ascriptos
868 3583 930 3622 non
945 3574 989 3623 est
1004 3564 1223 3642 ambigendum.
1251 3563 1294 3623 Ac
1305 3581 1373 3621 cum

281 3645 442 3726 Apbaarti,
464 3667 551 3726 quem
567 3648 742 3710 Phraortem
755 3651 860 3711 scribit
873 3649 1025 3726 Eusebius,
1047 3669 1064 3708 a
1081 3650 1212 3728 Georgio
1229 3649 1374 3729 quiuqua-

281 3731 364 3808 ginta
378 3743 407 3792 et
423 3753 515 3810 unua,
538 3734 575 3793 ab
591 3735 717 3794 Eusebio
732 3735 788 3794 soli
804 3736 856 3802 24.
870 3735 940 3792 suni
955 3735 1016 3794 sint
1029 3733 1181 3810 attributi,
1199 3743 1313 3814 septem
1323 3751 1376 3791 su-

279 3817 413 3896 perfluos
432 3841 448 3878 a
462 3820 588 3896 Georgio
605 3839 760 3880 concessos
772 3820 890 3882 nullum
903 3820 1069 3898 periculum
1082 3829 1127 3880 est
1141 3819 1299 3899 suspicari.
1331 3817 1374 3874 11-

280 3899 327 3958 los
342 3903 458 3962 idcirco
472 3903 646 3962 rescindunt
669 3907 862 3966 correctiores
882 3905 920 3963 ad
936 3903 1075 3964 Autboria
1091 3905 1267 3963 seutentiam
1283 3921 1375 3960 ano-

280 3983 326 4044 bis
343 3987 438 4044 editee
450 3987 579 4064 tabulae,
603 4009 675 4068 quae
692 4009 758 4050 cum
773 3991 928 4050 Medorum
943 4009 1043 4069 regum
1054 4009 1149 4048 annos
1161 3989 1194 4047 in
1207 3988 1280 4054 275-
1296 4007 1375 4046 mm·

280 4089 358 4127 mam
381 4071 520 4152 colligat,
541 4084 689 4154 repertam
710 4077 792 4155 apud
812 4073 972 4134 Eusebium
992 4095 1096 4154 regum
1115 4073 1289 4136 eorumdem
1304 4071 1373 4140 252

281 4149 439 4214 itomadem
457 4159 571 4236 aliquot
587 4159 687 4219 adbuc
700 4160 785 4220 aunis
807 4167 973 4240 exsuperat.
1052 4191 1058 4202 ·

367 4239 455 4335 Kasai
476 4239 531 4320 μὲν
549 4247 612 4308 saia
629 4237 979 4327 parapetasmata«
995 4237 1074 4330 μέ]
1104 4243 1150 4306 Ita
1170 4261 1240 4326 pag·
1258 4244 1327 4312 aa&
1338 4238 1370 4296 Β·

281 4331 444 4408 correctius
455 4325 589 4403 legimus.
