2944 4716
415 359 479 440 ΕΤ
498 355 852 430 emortuom.
1102 347 1178 428 627

89 511 192 574 bostri
210 519 240 574 et
256 507 442 593 Olympiadis
456 511 616 575 concordia
628 513 699 577 Not.
713 533 780 595 pag.
795 513 868 584 269.
887 513 1017 594 proisit,
1037 513 1075 574 ab
1090 514 1180 576 Affi-

92 597 159 660 cani
173 605 271 658 menta
283 597 404 678 penitus
419 597 530 676 aliano,
552 599 603 678 qui
617 599 729 660 Patavii
744 619 809 682 cap.
828 599 879 666 40.
899 600 1020 679 legerit,
1043 602 1179 682 experie-

88 693 148 744 tur.
189 681 224 742 ld
238 681 270 742 in
285 683 347 742 eius
363 682 519 742 Animadv.
535 683 668 763 placuit,
690 683 772 762 quod
790 694 859 763 post
870 685 959 745 verba
976 679 1051 750 sarsi
1068 679 1181 748 Ἀντιο-

86 775 151 850 χεῖς
173 762 229 830 κδ’.
250 763 302 844 τδ,
323 763 396 843 tres,
418 767 607 828 scribendum
629 767 811 846 suggesserit.
852 769 998 830 Probatur
1018 771 1179 830 edamuum

88 852 241 932 conceptis
253 851 352 912 verbis
373 849 483 912 ibidem
498 851 639 916 scribens.
688 855 797 912 tusus
815 851 889 911 velle
912 851 1031 926 ομόίοσαν
1052 856 1180 932 Africa-

87 959 151 997 nus
163 959 195 996 eo
208 957 288 995 auno
308 934 600 1014 celebratamfniese
616 934 824 1015 Olympiadem
845 938 915 1002 189.
935 936 1116 1017 quadorum
1135 961 1180 999 se-

88 1023 194 1104 quenti
208 1024 347 1100 sactum.
389 1021 473 1082 Nam
500 1021 663 1080 bissenum
686 1022 845 1082 Ιυίίααοιοοο
870 1019 1019 1080 antecedit
1042 1027 1179 1100 primum
1312 1057 1318 1074 ι

86 1127 205 1167 mames
221 1101 415 1184 Olympiadis
427 1105 579 1166 mensibus
592 1106 756 1182 sexdecim,
777 1103 944 1187 uliqumsdo
958 1106 1181 1185 septemdecim

86 1190 254 1272 quaemihi
267 1210 355 1249 causa
374 1191 446 1268 luit,
468 1201 504 1252 ut
523 1193 595 1252 anui
612 1192 718 1264 Iuliani
738 1191 959 1271 castigationem
973 1193 1005 1252 in
1019 1211 1102 1250 aerae
1115 1195 1180 1250 Διι-

85 1275 245 1338 tiochense
260 1275 311 1342 25.
326 1295 436 1336 aunum
450 1277 619 1354 reiiceram,
642 1279 668 1337 ai
685 1282 756 1346 189.
770 1277 975 1358 Olympiadem
988 1276 1025 1336 ab
1037 1276 1181 1338 Africano

86 1362 254 1442 scriptam,
275 1360 405 1438 praecise
418 1359 475 1420 sibi
489 1363 680 1422 coniunctam
693 1362 836 1443 accipiatr
859 1362 931 1424 alias
945 1361 1076 1424 eiusdem
1096 1379 1181 1424 aeras

85 1448 143 1514 24.
165 1447 218 1526 qui
239 1443 399 1505 bissextilis
421 1445 608 1528 Olympiadis
630 1451 700 1514 189.
726 1449 857 1526 primum
879 1469 989 1510 aunum
1009 1447 1181 1509 antevertit.

84 1533 242 1610 Nusquam
262 1549 355 1610 porro
374 1530 536 1592 verborum
553 1535 681 1592 istorum
698 1529 741 1593 ds’
759 1523 797 1611 ἧς
818 1530 868 1596 tat
882 1537 944 1596 τοῖν
958 1531 1051 1614 δαίων
1075 1532 1143 1614 imp
1164 1529 1182 1599 δ

87 1611 243 1688 ἐνιαυτός,
275 1633 394 1676 sensum
419 1617 601 1695 assequitur,
629 1615 732 1676 eadam
758 1614 818 1674 boc
844 1625 933 1695 pacto
958 1617 1181 1696 interpretatus.

81 1703 167 1762 Dies
187 1699 441 1778 intercalatitius,
469 1699 553 1782 quod
571 1702 735 1760 bissextum
762 1699 894 1779 dicitnr,
925 1700 1042 1759 cohibet
1064 1721 1183 1760 cunum

80 1789 174 1845 incra
185 1785 264 1861 fines
280 1804 353 1842 suos
360 1831 371 1862 ‚
392 1808 429 1846 ne
439 1789 473 1844 irs
488 1785 692 1846 antecedentia
703 1797 841 1866 vagarer.
883 1783 1008 1846 Cobibat
1029 1785 1182 1865 squidem

81 1881 117 1930 at
145 1887 214 1928 cum
233 1868 357 1947 siugulis
377 1870 410 1932 id
428 1871 631 1951 quadrienniis
642 1881 774 1950 praestat
795 1891 850 1936 cur
868 1870 927 1932 boc
946 1869 1064 1952 potius,
1091 1889 1181 1948 quam

82 1953 149 2015 alio
171 1955 238 2014 loco
258 1955 439 2016 miraculum
463 1955 500 2016 ab
524 1958 665 2018 Africano
691 1957 914 2032 decantaretur,
947 1975 1009 2015 uon
1035 1955 1182 2035 percipio.

81 2040 270 2104 memoratur
282 2038 383 2118 itaqua
397 2041 552 2122 speciatim
566 2041 649 2122 quod
661 2041 724 2101 lixo
739 2042 779 2102 ad
798 2041 870 2100 anni
891 2040 1000 2100 tuliani
1016 2039 1095 2099 diem
1114 2058 1185 2098 cer-

84 2133 155 2184 tum
168 2123 382 2204 Aegyptiorum
398 2147 492 2204 anno,
512 2147 576 2188 non
593 2136 731 2207 receptus
743 2125 833 2186 modo
852 2125 1014 2188 bissextilis
1030 2125 1109 2202 diss,
1129 2123 1184 2186 aad

84 2219 119 2272 st
133 2207 353 2270 intercalationi
367 2211 506 2294 deinceps
523 2211 676 2273 iaciendas
688 2211 931 2290 castigatissimae
946 2211 1053 2274 modus
1065 2211 1102 2271 ob
1116 2209 1183 2270 du-

83 2301 174 2374 guato
190 2303 235 2354 ast
245 2293 404 2356 adbibitus.

171 2371 348 2462 Ἀφροκανδς
358 2375 450 2456 icisse
464 2377 581 2460 εἰπεῖν]
602 2380 717 2442 Horum
729 2380 806 2456 vice,
823 2379 957 2438 Africani
970 2381 1089 2442 nomina
1103 2379 1184 2442 scri·

83 2461 133 2524 bit
155 2464 284 2540 Scaliger
309 2474 411 2524 textus
432 2485 502 2546 pag.
520 2469 571 2532 60.
613 2459 707 2528 ταῦτά
729 2487 781 2545 μοι
806 2459 1100 2566 προπαρεσκεύασαν
1127 2459 1184 2546 oo’y

83 2545 208 2622 οίπλοῖς,
229 2541 303 2608 οίλλοί
323 2547 417 2622 δεῖξαι
438 2547 611 2635 βουλομένῳ
635 2553 702 2624 νοῦς
729 2549 903 2634 ἐγμοζουσης
921 2551 978 2610 τοῦ
998 2553 1184 2630 μονογενοῦς

82 2632 162 2696 υἱοῦ
171 2627 224 2692 καί
238 2625 397 2712 λῦμουτοῦ
413 2635 494 2696 Θεοῦ
501 2631 558 2696 'sat
573 2639 707 2739 σωτῆρος
722 2632 813 2714 ἡμῶν
828 2626 929 2732 'inauri
948 2635 1080 2713 Χριστοῦ
1093 2633 1184 2705 θείας
1308 2697 1312 2708 1

83 2707 410 2864 territt
430 2711 755 2884 ttulit-“teu
769 2715 1185 2880 terrestribus:

85 2845 202 2962 eraut:
219 2893 255 2944 ut
273 2823 671 2968 Africsnweiossoriberentur,
700 2827 935 2969 imiimpmas
956 2886 1023 2968 pag'.
1043 2886 1116 2954 800.
1140 2885 1181 2949 D.

85 2971 212 3054 proprio
227 2970 347 3032 uomina
361 2971 481 3054 scripsit
494 2972 648 3052 Georgius.

174 3053 253 3138 Περί
273 3047 460 3139 Ἀντιγόνου,
481 3056 534 3122 καί
552 3057 654 3134 τέλους
670 3061 725 3138 τοῖς
741 3050 894 3122 Ἰουδαίων
906 3051 1077 3136 βασιλείας]
1098 3051 1181 3114 Haec

86 3159 159 3202 vere
172 3139 315 3200 Eusebius
331 3143 413 3222 apud
426 3143 608 3221 Scaligerum
620 3163 686 3224 pag.
703 3149 754 3210 60.
784 3143 866 3202 Haec
876 3141 977 3200 eadem
991 3140 1097 3199 latina
1112 3159 1181 3200 ver-

86 3226 133 3285 sio
148 3223 185 3284 ad
198 3225 403 3306 Olympiadem
421 3231 490 3294 186.
511 3227 682 3289 Eustatbiua
694 3226 800 3307 Regiae
812 3223 1014 3287 Bibliothecae
1028 3231 1181 3304 postrema

86 3309 160 3370 licet
172 3307 313 3371 historiae
324 3322 410 3393 parts
431 3311 532 3395 (quam
548 3314 645 3374 medio
662 3312 839 3374 narrationis
858 3331 949 3372 cursu
963 3307 1117 3370 Librarius
1129 3328 1181 3372 re-

87 3393 177 3474 liquit
200 3395 371 3482 abruptam)
391 3399 525 3460 nondum
547 3399 732 3476 instructas,
759 3397 847 3476 longa
867 3405 969 3456 umen
988 3392 1125 3475 aucfior,
1149 3402 1183 3456 at

88 3499 123 3538 ea
140 3479 284 3540 historias
304 3501 406 3543 sacras
425 3483 516 3560 scria,
540 3503 616 3564 quas
634 3504 652 3544 a
673 3483 828 3544 iudicibus
847 3480 987 3542 Hebraeis
999 3479 1038 3541 ad
1051 3480 1181 3541 Alexan·

88 3563 179 3624 druna
192 3565 232 3626 M.
247 3575 277 3626 et
288 3568 351 3626 eiua
368 3577 492 3628 aetatem
506 3569 656 3647 axem-rit,
678 3569 770 3650 dupla
784 3567 945 3644 nimirum,
966 3575 996 3626 et
1009 3565 1085 3645 pari,
1104 3582 1182 3643 quae

89 3659 158 3709 anta
178 3670 271 3710 annos
294 3657 346 3718 20.
368 3653 506 3733 Lugduni
527 3654 643 3735 prodiit
660 3655 738 3714 mola
757 3652 956 3734 locupletior5
985 3647 1087 3712 relatis
1105 3643 1183 3710 κασοί

87 3733 169 3808 λέξιν
184 3755 258 3813 quaa
271 3739 429 3816 syncellus
444 3747 545 3800 nostm
565 3759 603 3799 ex
615 3739 742 3800 Eusebio
758 3737 928 3817 subiungit,
950 3742 981 3794 at
994 3751 1069 3812 quaa
1079 3731 1183 3791 eadem

88 3817 208 3878 Eusebii
222 3822 325 3882 Latina
338 3823 513 3905 Hieronymi
527 3825 733 3905 interpretatio
747 3825 868 3885 eredere
878 3817 1027 3901 postulat,
1047 3816 1189 3896 sequenti

89 3903 126 3966 dc
158 3907 352 3987 Septuaginta
375 3907 609 3970 bebdomadibus
632 3908 832 3994 expositioni,
865 3904 938 3982 bas,
965 3921 1031 3962 non
1060 3900 1185 3962 alterius
1243 3901 1246 3909 '

88 3990 192 4070 utique
199 4035 209 4069 ,
231 4013 320 4072 quam
337 3993 458 4056 Eusebii
468 3993 609 4075 reliquias
621 3993 683 4054 buc
697 3991 878 4072 colligendas
891 3997 922 4050 at
933 4007 1018 4048 sacro
1032 4005 1116 4047 more
1129 3983 1182 4044 in-

89 4075 227 4138 serendas
245 4065 408 4158 subiungit.
442 4079 548 4154 δουλοῖς
562 4077 595 4144 δὲ
608 4076 662 4154 scic
675 4074 710 4144 α’.
725 4071 894 4159 ἑβδομάδας
909 4067 1021 4147 οὕτως·
1038 4066 1091 4148 ΐίίθ
1107 4063 1181 4134 9πᾶ

89 4158 162 4240 perci
177 4159 235 4244 teis
257 4159 409 4228 ἐπάνοδον
426 4169 482 4244 τῆς
496 4165 696 4246 αἰχμαλωσίας
710 4163 767 4236 ἕως
782 4164 836 4240 τῆς
852 4159 1016 4240 οἰκοδομῆς
1029 4161 1085 4221 τοῦ
1100 4157 1181 4218 ναοῦ

88 4251 144 4310 τοῦ
164 4251 246 4312 Θεοῦ
251 4271 260 4308 a
278 4246 333 4324 sair
356 4247 390 4314 di
406 4245 551 4330 ἑξήκοντα
571 4245 628 4313 baio
643 4245 700 4312 σῦν
715 4237 938 4327 desperatiorem
954 4247 1020 4317 ταῖς
1042 4235 1117 4306 imai
1135 4239 1180 4315 είς
1314 4257 1317 4266 ’

88 4326 142 4398 ede
152 4327 262 4420 χρόνον
273 4332 415 4418 κατέσχον
434 4335 467 4400 οἱ
479 4334 604 4419 Χρισιοί
617 4327 798 4419 ipsismet,
818 4326 875 4414 reis
889 4325 923 4396 δέ
934 4329 1008 4413 μίαν
1025 4319 1179 4411 ίβδομοίδα
