2888 4714
381 355 442 437 44·
460 353 813 437 saturationes.
1067 349 1143 426 425

53 521 143 584 matt
184 519 277 582 Iacob
298 529 361 583 arat
382 525 452 590 130.
473 543 621 584 annorum
641 523 761 604 qnando
780 521 861 584 stetit
875 491 976 582 coram
990 485 1145 580 Phasiane
1256 573 1261 586 .

57 607 304 672 4444144.
318 605 427 686 loseph
443 610 546 687 agebat
567 629 678 668 annum
695 613 746 676 39.
787 607 941 670 Tricennis
960 605 1039 665 enim
1062 603 1146 664 stetit

54 713 149 754 coram
173 690 329 752 Pharaone
352 691 456 752 Genea.
469 694 521 758 41.
535 713 566 754 v.
579 694 630 759 46.
643 702 672 752 41
686 703 798 774 septem
820 692 893 752 anni
915 691 1094 765 fertilitatis,
1115 699 1146 750 at

55 778 110 838 duo
135 776 303 838 sterilitatis
323 786 410 836 erant
428 777 532 858 elapsi.
575 779 704 838 Sublatis
718 777 810 856 igitur
828 777 865 836 de
888 780 956 844 130.
972 776 1058 836 annia
1079 775 1145 836 tri-

53 863 132 942 ginta
143 881 267 939 novem,
288 869 444 922 remanent
459 883 538 922 unua
553 871 584 922 et
595 861 766 940 nonaginta,
788 881 865 942 quae
879 869 942 920 erat
955 871 1033 920 aetas
1047 861 1144 936 Iacob,

55 947 168 1028 quando
185 947 289 1026 genuit
305 945 429 1026 Ioseph,
451 967 540 1026 quem
555 968 593 1006 ex
604 947 732 1006 Rachele
745 945 892 1026 suscepit,
913 953 983 1024 post
997 965 1145 1004 annorum

55 1032 280 1112 quatuordecim
296 1033 485 1110 servitutem,
508 1033 615 1112 quibua
629 1053 667 1092 ex
686 1052 747 1091 uno
766 1041 796 1090 et
813 1029 973 1106 nonaginta
994 1029 1145 1107 detractis,

54 1117 237 1197 septuaginta
250 1127 362 1197 septem
378 1117 505 1178 absoluti
520 1127 691 1198 supersunt.
733 1117 814 1178 Viris
834 1115 960 1176 eruditis
979 1113 1085 1194 paucis
1100 1133 1145 1174 re-

56 1203 177 1282 spondet
200 1201 345 1280 Georgius
367 1212 484 1279 noster,
511 1200 710 1284 4101344φή
734 1196 872 1280 4604μοῦ
896 1201 1035 1278 φαίνεται
1057 1201 1146 1262 τοῦτο

53 1285 186 1370 iborae.
227 1287 325 1348 Instat
344 1285 436 1364 igitau
457 1307 546 1367 quam
564 1298 682 1366 argute,
707 1297 740 1346 et
759 1286 851 1346 hosce
878 1285 1010 1344 calculos
1026 1283 1149 1343 demon-

54 1381 123 1432 strat
146 1371 279 1432 fallaces.
323 1371 350 1433 εἰ
368 1377 458 1436 τοῦτο
480 1374 580 1453 δῶμεν
599 1373 680 1436 ἔσται
708 1367 852 1452 6144414
869 1367 945 1434 κατὰ
961 1366 994 1434 τὸ
1010 1363 1066 1440 ἦς’.
1084 1366 1149 1450 troc

53 1451 228 1537 4461444111
249 1458 423 1540 parentele:
460 1458 541 1537 quod
562 1458 625 1518 eius
645 1457 765 1518 nomine
784 1457 912 1516 declaro.
954 1454 1042 1514 Iacob
1065 1471 1146 1514 anno

54 1543 152 1601 estatis
178 1547 230 1608 77.
250 1541 490 1620 Mesopotamiam
513 1543 677 1621 ingressus,
708 1543 792 1602 aiunt
811 1540 975 1602 doctissimi
995 1539 1146 1600 annalium

52 1627 238 1699 conditores,
259 1627 345 1686 annis
367 1627 418 1692 14.
444 1627 602 1686 Raclielem
620 1637 762 1708 procatus
781 1645 884 1686 socero
900 1625 1000 1686 beben
1014 1624 1147 1694 ser‘virit,

53 1713 85 1770 ad
100 1711 206 1772 aetatis
221 1731 331 1772 aunum
347 1717 397 1777 91.
412 1732 471 1791 quo
484 1713 637 1774 adamatae
650 1712 787 1772 Rachelia
801 1711 949 1772 connubio
965 1709 1080 1790 potitus
1092 1717 1145 1766 est.

52 1797 135 1856 Tunc
155 1805 252 1856 autem
274 1797 404 1877 primum
427 1819 506 1857 anno
532 1798 676 1858 nimirum
699 1803 749 1866 92.
772 1795 880 1876 Ioseph
903 1795 1001 1856 filium
1022 1814 1060 1853 ex
1083 1792 1147 1852 eius

52 1881 236 1962 amplexibus
261 1881 427 1962 suscepisse
449 1883 515 1962 quia
536 1882 680 1958 affirmet,
708 1881 765 1942 nisi
791 1883 844 1959 qui
868 1883 1035 1961 scripturae
1056 1877 1147 1939 verbe

49 1987 112 2026 non
125 1967 303 2042 advertisse,
323 1967 373 2026 vel
385 1967 576 2049 perpendisse
589 1970 734 2029 fateatur:
760 1965 873 2027 Viden
887 1967 1044 2028 Dominae
1064 1959 1150 2044 quod

49 2051 146 2112 Iacob
171 2048 327 2128 deapiceret
344 2054 440 2110 Liam
460 2055 582 2132 aperuit
595 2055 722 2116 vulvam
740 2055 822 2129 eius,
845 2075 945 2114 aurore
965 2050 1063 2109 sterili
1071 2067 1148 2128 per-

49 2145 200 2194 manente.
223 2135 323 2196 Genea.
343 2142 393 2204 29.
411 2157 443 2198 v.
460 2141 511 2204 81.
533 2159 604 2198 mox
624 2159 689 2219 cap.
704 2141 756 2203 30.
772 2157 802 2199 v.
820 2143 849 2205 1.
895 2139 1023 2200 Cernens
1047 2144 1149 2192 44144

50 2219 173 2280 Raclzel
184 2219 269 2300 quod
282 2221 468 2296 infoecunda
481 2235 555 2282 eaaet
576 2222 693 2308 (saltem
711 2223 779 2282 initi
801 2223 932 2302 coniugii
954 2241 1033 2280 enno
1058 2219 1148 2278 tertio

51 2307 97 2366 vel
112 2303 235 2390 quarto)
256 2305 369 2365 invidit
385 2311 482 2368 sorori
499 2329 575 2366 suae
587 2319 639 2368 etc.
656 2317 685 2368 et
699 2327 731 2368 r.
746 2311 775 2372 3.
817 2309 940 2384 Habeo,
959 2305 1076 2386 inquit,
1093 2305 1150 2380 fa-

52 2391 167 2450 nutam
185 2391 305 2452 Bolum
319 2391 472 2473 ingredere
486 2392 532 2452 ad
545 2394 649 2468 illam,
671 2403 706 2450 ut
720 2394 831 2470 pariat
846 2413 936 2472 super
945 2411 1050 2470 genua
1071 2409 1149 2464 mea,

53 2487 78 2533 et
90 2475 219 2536 habeam
233 2497 268 2534 ex
280 2475 340 2535 illa
350 2479 448 2557 filios.
484 2479 595 2538 Genuit
606 2485 704 2537 eutem
720 2477 786 2534 Dan
802 2487 831 2535 et
842 2475 1042 2556 Nephtbalim,
1064 2473 1150 2532 annis
1221 2485 1237 2516 θ

53 2561 89 2620 ad
102 2563 203 2622 minua
215 2563 343 2640 geminis
366 2563 569 2641 currentibus,
588 2572 618 2623 et
635 2564 715 2622 vitae
729 2560 817 2619 Iacob
839 2561 889 2627 95.
903 2560 951 2618 vel
969 2563 1019 2625 96.
1031 2558 1148 2636 elapsis.

59 2646 243 2728 totidemque
252 2645 433 2706 recordatus
446 2650 603 2709 Πυηιίηιω
613 2645 759 2707 Racltelia
773 2643 928 2706 exmedtott
944 2663 1012 2702 eam
1028 2653 1056 2699 et
1076 2661 1150 2718 ape-

54 2734 115 2790 ruit
134 2735 258 2793 vulvam
281 2733 366 2792 etus.-
395 2754 471 2813 quae
491 2737 623 2812 concepit
643 2744 672 2790 et
683 2733 802 2810 peperit
815 2732 940 2810 filium,
963 2725 1054 2788 Iacob
1069 2744 1149 2782 anno

54 2821 99 2881 96.
112 2817 161 2876 vel
173 2821 223 2883 97.
246 2811 321 2898 ὅπερ
335 2811 485 2881 &brinnon
502 2819 606 2878 scribit
618 2817 778 2894 Georgius:
800 2817 872 2875 alias
886 2833 963 2873 anno
978 2807 1086 2892 Ioseph
1097 2810 1149 2876 40.

53 2900 139 2961 11001)
159 2906 230 2968 136.
254 2913 435 2982 superasset:
458 2904 541 2982 quod
560 2903 835 2984 quamScripturae
856 2901 1048 2972 adversetur,
1071 2896 1150 2956 fate-

54 2983 163 3046 buntur
174 2987 284 3061 iidem,
306 2987 359 3066 qui
374 2990 554 3048 contrariam
566 2989 672 3047 ineunt
685 2986 871 3050 sententiam.
914 2983 1022 3044 Subdit
1032 2978 1150 3042 turbor

55 3071 236 3132 accuratiore
250 3071 376 3137 calculo.
418 3078 459 3158 τῷ
473 3069 524 3156 oy‘.
539 3073 597 3136 ἔτει
612 3077 667 3153 τῆς
682 3071 792 3135 ἑαυτοῦ
804 3075 882 3153 ζωῆς
897 3068 1017 3150 4141644
1026 3061 1148 3148 innoti.-

55 3165 157 3236 coepto
171 3155 362 3234 videlicetet
375 3161 511 3218 noudum
526 3157 679 3233 absoluto;
701 3167 736 3216 ut
747 3169 818 3234 poet
832 3153 984 3216 servitutis
998 3153 1150 3232 geminum

56 3241 241 3320 septennium
260 3251 289 3300 et
309 3243 426 3322 aliquos
445 3263 481 3302 ex
499 3245 552 3304 Lia
570 3251 723 3324 susceptor
736 3241 832 3318 filios,
855 3241 1015 3320 expetitam
1030 3238 1148 3298 Rache-

55 3325 105 3384 Icm
129 3335 348 3406 consequatur,
369 3337 398 3387 et
420 3328 482 3389 eiua
499 3328 625 3410 probata
647 3327 816 3400 sterilitate,
839 3327 960 3388 demum
979 3325 1033 3384 Dei
1053 3323 1149 3403 gratia

56 3409 159 3492 Ioseph
187 3411 269 3492 petri
295 3415 453 3492 plusquam
478 3413 678 3492 nonagenario
708 3421 858 3473 nascetur.
901 3411 1052 3472 Adversus
1075 3407 1150 3468 baec

55 3498 98 3556 rel
108 3498 292 3570 Authorem,
311 3508 431 3578 recepta
445 3499 564 3559 Eusebii
579 3507 609 3558 et
621 3497 759 3557 Africani
772 3496 933 3573 sententia,
955 3496 1000 3555 nil
1024 3494 1151 3574 opponit

56 3583 182 3662 Scaliger
200 3583 269 3646 1141.
291 3603 357 3662 pag.
378 3588 431 3648 21.
457 3605 625 3664 quanquam
649 3581 769 3660 Georgii
793 3583 991 3642 abiectionem
1013 3580 1151 3638 admittat

57 3689 82 3746 p.
108 3671 182 3736 263.
229 3668 308 3729 Vide
325 3667 525 3729 echonomo
553 3669 611 3728 eibi
642 3677 673 3728 et
699 3665 819 3728 authori
848 3667 972 3751 proprio
1002 3661 1152 3725 contraria

57 3755 235 3816 sentientem.

137 3835 198 3903 To'a
219 3835 287 3902 Acir
308 3843 351 3924 τῷ
376 3832 432 3902 ne'.
454 3833 506 3902 nie
531 3837 712 3918 Nepttetelp
732 3841 776 3922 cpi
799 3831 871 3916 πς’.]
900 3837 1010 3911 Parce,
1031 3828 1151 3908 Georgi,

55 3925 163 4002 nuptiis
183 3924 296 3984 Rachel
316 3943 395 3984 anno
412 3925 490 3984 vitae
503 3923 590 3982 Iacob
610 3927 662 3989 87.
686 3923 786 3999 initis,
808 3919 987 4003 posteriores
1001 3925 1073 3976 eunt
1088 3917 1152 3974 ttsn

55 4019 83 4068 et
101 4009 309 4090 Nephtbaliua:
343 4009 482 4089 quintum
500 4018 601 4069 tamen
624 4017 654 4070 et
676 4018 795 4068 sextum
811 4005 946 4066 ordinem
971 4003 1050 4062 inter
1073 4000 1151 4060 filios

54 4095 137 4153 Iacob
158 4097 305 4156 obtinent.

134 4182 202 4259 Peg.
227 4185 297 4246 106.
318 4173 482 4260 ’stonense
495 4178 570 4262 λέγει
585 4173 616 4253 ἴ.
635 4175 774 4258 ἡμέρας]
798 4172 976 4254 Oppositum
993 4173 1057 4250 lego
1072 4171 1153 4252 apud

56 4263 208 4344 Iosepbum
229 4265 282 4325 lib.
306 4271 333 4332 1.
362 4265 481 4343 Antiqu.
498 4287 562 4345 cap.
578 4269 629 4330 29.
643 4261 788 4321 undaret
806 4259 842 4318 ab
860 4258 1000 4337 imperito
1018 4257 1152 4320 Librario

55 4347 227 4429 interserta,
250 4352 328 4412 vela
344 4350 471 4428 Georgia
487 4349 567 4410 circe
582 4345 701 4428 losephi
714 4363 823 4404 nomen
837 4342 1030 4406 ballucittato.
