2860 4714
305 355 382 432 840
680 360 1033 433 EMENDATIONES

362 515 371 542 Ι
603 513 612 542 Ι
768 517 776 544 t
860 515 869 542 ἱ
1007 515 1015 544 t
1083 513 1092 539 Ι
1113 519 1123 536 ¹
1341 527 1354 545 u

307 519 1036 690 ttttrrtttltttttttttftlttt
1046 524 1388 692 tttttttttttt

227 692 261 749 V.
278 693 297 750 Β
312 693 411 770 ἔθνος,
435 691 488 756 καὶ
500 689 555 768 τὰς
569 688 669 772 φυλὰς
684 685 742 754 sln’
756 684 856 754 αὐτῶν
870 695 1014 766 καλοῦσι,
1035 686 1087 754 διά
1100 715 1132 754 τε
1147 689 1207 772 τὴν
1220 689 1318 776 ripensis
1330 691 1387 756 uai-

304 783 376 858 cuv,
396 777 449 840 eni
465 773 516 840 riui
530 773 563 842 ro*
572 773 723 860 Ἀβράμου
736 771 861 857 ἀξίωμα.
898 778 976 836 Ftltt
989 775 1113 836 Ismaeli
1126 781 1200 838 nati
1211 789 1275 838 euru
1287 777 1387 838 duom.

304 866 373 922 obn.
403 865 452 922 Hi
468 860 617 944 quiequid
630 873 782 922 terrarum
794 873 837 920 est
844 862 1034 942 Euphratem
1049 871 1129 922 trater
1143 875 1173 920 et
1186 865 1303 924 rubrum
1314 886 1385 923 more

303 948 463 1021 habitant,
490 949 670 1008 Nabataeus
683 950 801 1028 regioni
820 951 939 1006 nomine
957 945 1066 1012 indito.
1110 949 1194 1007 Sunt
1217 961 1311 1008 aretem
1325 949 1355 1007 ln'
1366 971 1384 1008 a

304 1035 419 1116 quibus
427 1033 547 1114 Arabes
557 1044 675 1114 gentem
687 1054 779 1092 suam
792 1035 915 1112 eiusque
930 1033 1039 1093 Tribus
1052 1030 1322 1110 dersominaverrmt,
1330 1046 1383 1092 tum

300 1131 425 1200 propter
448 1141 550 1178 eornm
570 1121 732 1202 egirtntem,
760 1129 826 1177 tum
842 1129 969 1197 propter
987 1117 1167 1178 Abralrnmi
1186 1123 1381 1178 auctoritatem.

304 1205 417 1266 Arabas
432 1203 598 1284 indigenae
609 1213 639 1264 et
653 1201 797 1264 Advenas
813 1203 913 1262 statim
925 1223 962 1264 ex
977 1201 1119 1264 historiae
1135 1203 1243 1264 limine
1257 1204 1380 1265 tentam

303 1289 508 1352 Enchellensis
525 1288 728 1349 discriminate
757 1289 826 1348 illos
841 1287 952 1348 leetsui
964 1287 1064 1348 Heber
1079 1289 1137 1347 filii
1159 1299 1289 1369 posteros
1298 1289 1380 1368 espits

303 1374 455 1450 seeundo,
477 1373 532 1432 hos
545 1373 582 1431 ab
598 1373 721 1434 ismaele
735 1375 879 1452 originem
893 1375 1003 1434 ducere
1017 1384 1121 1434 narrat
1140 1375 1242 1453 capite
1253 1375 1345 1454 primo,
1363 1395 1379 1432 a

304 1479 375 1540 quo,
387 1458 605 1536 inquit,omnes
619 1459 728 1520 Arabes
741 1468 931 1538 posteaquam
945 1459 1008 1518 eius
1020 1460 1134 1540 posteri
1148 1460 1275 1537 regionis
1289 1458 1378 1540 prassi-

302 1564 363 1624 pua
377 1553 462 1624 parte
475 1544 569 1624 potiti
583 1554 662 1618 sunt,
675 1543 839 1604 Ismaelitas
850 1543 1011 1622 aliquando
1023 1545 1123 1603 vocati
1138 1545 1270 1609 suerum.
1294 1545 1378 1604 horse-

302 1629 428 1689 litorum
441 1637 471 1687 et
483 1629 685 1707 sgarenorum
697 1629 843 1688 vocabulo
855 1630 969 1688 Turcas
981 1639 1011 1688 et
1021 1627 1242 1690 Mahumeticae
1251 1628 1377 1707 religionis

231 1769 237 1774 .
302 1713 476 1796 prophanos
498 1723 658 1776 sectatores
683 1715 788 1774 Graeci
813 1725 1007 1794 nuncupant,
1037 1723 1067 1774 et
1088 1715 1261 1794 promiscue
1280 1714 1376 1786 hato,

303 1799 386 1880 quod
401 1799 506 1860 ismael
520 1797 650 1860 Arabum
666 1819 704 1858 ex
717 1808 803 1880 parts
816 1808 900 1877 pater
913 1799 1052 1858 Arabiam
1068 1800 1220 1877 coluerit,
1242 1820 1276 1860 ex
1288 1797 1375 1878 qualu-

302 1883 355 1946 bes
369 1893 400 1945 et
414 1904 494 1946 noxa
513 1881 566 1943 illa
588 1884 719 1964 prodiit,
742 1903 818 1964 quse
834 1883 1001 1944 vicinarum
1015 1884 1176 1964 regionum
1191 1887 1298 1944 animos
1309 1883 1375 1942 iule-

303 1970 363 2048 eit,
386 1990 422 2030 ae
436 1971 606 2029 Romanum
619 1969 720 2050 ipsum
733 1969 894 2049 imperium
909 1970 943 2028 iu
956 1969 1076 2030 ruinam
1090 1970 1163 2048 egit.
1244 1965 1250 1972 ’

385 2087 584 2158 Ἀποστασὶαν
595 2091 723 2158 tiniensi
734 2095 884 2177 μακαρίου
900 2090 1027 2158 Παύλου
1038 2091 1318 2179 προφητευθεῖσαν]
1334 2089 1375 2150 ffis

299 2177 399 2238 verbis
412 2181 451 2238 ad
466 2179 598 2240 Thessal.
615 2179 701 2260 epist.
713 2187 742 2246 2.
761 2199 825 2258 cap.
840 2185 869 2245 2
893 2181 967 2238 Nisi
981 2186 1093 2241 venerit
1110 2181 1255 2240 discessio
1270 2177 1375 2244 α’ποστα-

300 2265 353 2326 σία
364 2266 517 2342 primum,
539 2275 567 2322 et
591 2265 743 2323 revelatus
757 2265 858 2340 suerit
876 2263 965 2322 homo
981 2269 1119 2345 peceati,
1144 2267 1243 2346 filine
1255 2262 1375 2345 perditio-

299 2351 365 2424 nis,
396 2350 450 2428 qni
472 2347 674 2427 adversatur,
704 2361 733 2408 et
756 2349 910 2408 extollitur
933 2369 1030 2430 supra
1063 2373 1150 2410 omne
1174 2351 1258 2433 quod
1282 2349 1374 2408 dicatu

299 2435 405 2494 Deus.-
426 2453 501 2512 quse
515 2434 552 2494 de
560 2433 746 2512 Antichristo
760 2443 789 2492 et
801 2433 968 2494 Mahomete
981 2437 1083 2516 (unius
1098 2438 1212 2518 quippe
1223 2435 1324 2495 Christi
1334 2431 1375 2490 ho·

299 2518 533 2664 stiqlqrtmnqquus
546 2541 658 2581 nomen
679 2517 737 2607 est)
762 2520 978 2602 Expositorum
997 2543 1069 2604 pars
1089 2543 1156 2582 nou
1176 2521 1277 2582 infima
1296 2523 1374 2578 censu

298 2603 345 2664 int
386 2604 430 2689 ige
474 2625 500 2665 a.

381 2725 433 2794 Ἐν
445 2733 521 2820 spiris
534 2735 579 2818 aqi
591 2733 746 2818 primumi]
767 2729 1125 2816 rovupqetmovmt
1137 2716 1211 2808 their
1219 2733 1308 2805 ἰδίους
1319 2719 1372 2830 qoi-

298 2839 371 2892 νους
381 2811 524 2898 nieustria,
540 2813 711 2898 συνάφειᾶν
722 2841 764 2896 τε,
778 2819 829 2882 καὶ
840 2817 898 2901 τὴν
909 2815 978 2882 κατ’
992 2813 1122 2898 eiltq'ltm
1134 2811 1310 2902 πραγμάτων
1317 2833 1371 2873 σκο-

297 2901 430 2964 inviter
442 2923 539 2982 nuper
552 2913 759 2981 memoratam,
773 2925 849 2985 opus
866 2905 1008 2966 videlicet
1022 2905 1078 2964 sibi
1092 2905 1293 2984 propositum,
1311 2915 1370 2957 eon·

297 2985 423 3046 tractius
432 2997 521 3046 vocat
535 2985 748 3069 hicgporrmirr
764 2991 846 3068 quod
860 2991 987 3070 praefixi
1003 2989 1086 3049 tituli
1095 2989 1198 3070 opifex
1208 2988 1255 3071 (ab
1263 2982 1370 3046 tumore

296 3070 404 3148 utique
429 3070 581 3147 diversus,
606 3071 659 3150 qni
682 3071 849 3134 Authorem
869 3077 954 3156 prius
974 3075 1130 3152 extitisse,
1152 3075 1232 3155 quod
1250 3089 1325 3132 nemo
1341 3065 1369 3123 dt

298 3155 430 3234 seipso,
462 3157 592 3216 celebrat
605 3155 653 3216 his
674 3159 773 3219 verbis
787 3160 958 3243 Συγκὲλλου
978 3153 1148 3243 γεγονότος)
1170 3150 1367 3246 significmtinri

297 3258 373 3298 voce
386 3239 466 3299 dixit
480 3244 713 3324 χρονογραφίαν.
735 3247 956 3326 χρονογραφίας
969 3267 1072 3306 sensus
1082 3247 1159 3304 alter
1172 3255 1232 3318 est,
1253 3253 1280 3302 et
1292 3247 1321 3298 nt
1331 3255 1367 3292 n·

299 3323 387 3382 detur
402 3345 529 3386 concors
549 3327 629 3407 spud
646 3331 803 3409 oppositos
820 3330 856 3390 de
873 3331 1015 3392 Doctrina
1035 3331 1215 3410 Temporurn
1233 3327 1365 3405 scriptore·

296 3409 481 3486 Scaligerum
493 3419 523 3470 et
536 3411 705 3473 Petavium:
729 3435 857 3492 quorum
870 3417 922 3475 ille
936 3416 1035 3496 primo
1047 3417 1147 3474 statim
1160 3413 1365 3474 Eusebisnarum

296 3492 588 3555 animadversionum
607 3496 694 3557 initio
712 3499 987 3582 chronographiam
1002 3501 1140 3580 exponit,
1162 3503 1251 3558 euius
1262 3491 1364 3555 materia

294 3588 427 3658 tempus,
448 3577 499 3640 hie
518 3580 656 3661 priorum
671 3585 837 3663 Prolegom.
860 3605 926 3667 cap.
945 3590 976 3651 3.
999 3585 1230 3666 computisticae
1244 3573 1362 3642 vocabulo

294 3683 384 3742 usus,
414 3684 495 3744 eam,
524 3666 632 3726 Arteria
656 3669 832 3750 quandam,
860 3675 924 3732 sire
947 3673 1132 3748 facultatem
1154 3662 1362 3730 ordiendum

293 3747 340 3808 ad
351 3749 471 3810 civilem
484 3773 576 3812 nsum
589 3763 756 3834 temporum
769 3755 882 3817 definit.
922 3753 963 3816 At
976 3777 1073 3835 neque
1086 3755 1240 3836 Syncello,
1261 3748 1301 3811 ubi
1311 3743 1359 3823 pit·

293 3833 395 3916 risque
418 3835 495 3898 locis
513 3836 656 3922 gporratir
678 3861 767 3900 sunm
789 3839 943 3924 σύνταγμα
959 3841 1230 3923 Chronogrsphism
1249 3829 1358 3916 appellat,

293 3937 393 4001 neque
413 3921 488 3983 mihi
507 3935 632 4005 accepta
647 3935 691 3986 est
708 3923 760 3984 hic
779 3947 812 3985 ea
833 3927 918 3987 vocis
932 3925 1034 4001 notio,
1055 3947 1131 4007 quae
1151 3947 1212 3986 non
1226 3915 1358 3982 solitariam

292 4019 555 4086 rerumgestarum
567 4009 721 4086 notitiam,
744 4013 825 4091 quod
844 4011 1004 4091 exequitur
1017 4011 1165 4088 Historia,
1186 4029 1245 4070 non
1256 4006 1356 4064 ioum

291 4101 392 4150 motus
406 4113 574 4155 mensuram
588 4105 747 4177 partesque
762 4117 918 4158 mensurae
933 4097 1094 4157 cuiuslibet
1109 4099 1149 4157 ad
1170 4095 1278 4157 civilem
1288 4097 1354 4175 mnu

293 4178 533 4268 apeommodatae
544 4181 782 4260 intelligentiam,
802 4183 886 4262 quod
900 4183 1134 4264 computistieae
1144 4199 1255 4251 munna,
1274 4183 1354 4266 0qu-

291 4265 349 4316 rrt:
377 4261 514 4324 sedtum
534 4285 572 4324 ex
591 4265 739 4326 Historiae
761 4267 887 4347 peritia,
914 4277 980 4328 tum
1007 4289 1045 4327 ex
1064 4269 1155 4328 certis
1173 4261 1350 4338 intelligentiae
1394 4289 1395 4308 i

291 4347 462 4419 temptum
483 4349 595 4426 regulis
614 4371 664 4412 rsa
686 4351 793 4413 ordine
813 4361 911 4433 gestas
928 4353 1063 4436 propriis
1082 4351 1222 4434 temporis
1239 4343 1350 4417 ΜΨ
