2888 4714
382 379 444 448 ΕΤ
467 367 821 450 ANNOTATIONES.
1084 371 1157 447 501

64 535 131 598 aliie
145 533 332 612 adversariis,
353 555 431 596 unue
445 557 505 616 quo
521 559 588 599 cnm
604 539 640 598 de
660 539 788 604 oleastro
808 549 952 620 certaret,
972 542 1095 604 relictae
1110 563 1160 605 ee-

64 631 127 697 eet,
147 621 203 680 illo
218 621 319 682 eodem
330 621 461 701 inipetu,
485 631 516 682 et
535 624 660 704 pedibus
670 635 864 704 praeventum
881 627 1094 688 Arrechionem
1107 631 1160 690 in-

62 703 178 782 cinxit,
201 715 231 766 et
250 706 387 764 menibus
412 705 525 766 collum
547 709 724 768 obstrinxite
754 710 826 768 Eiue
848 711 973 790 digitum
989 713 1159 780 Arrechion

57 791 152 872 pedis
166 791 305 869 infregit,
328 800 358 848 et
371 790 443 849 dum
457 793 658 870 stranguletur
668 793 727 852 iam
738 794 866 852 animam
884 807 998 876 egeret,
1018 819 1090 878 pree
1102 799 1159 858 di..

58 875 116 953 giti
133 875 253 952 dolore,
275 875 463 936 adversarius
482 876 585 936 eodem
602 877 744 957 temporie
761 887 911 938 momento
931 885 1055 944 corruit.
1074 885 1158 947 Elaei

58 961 166 1038 itaque
182 959 375 1020 Are-echionio
390 961 528 1021 cadaveri
541 963 700 1022 victoriam
712 971 743 1020 et
757 981 897 1022 coronam
912 965 1066 1044 praeconii
1082 987 1158 1032 voce

59 1044 285 1104 adiudicerunt.
327 1044 408 1104 Haec
434 1045 496 1104 ille.
541 1045 659 1108 Autleor
678 1045 892 1108 Arrechionem
918 1049 986 1108 ideo
1015 1070 1157 1116 coronam

59 1129 205 1210 adeptum
219 1129 350 1206 iudicet,
374 1129 455 1208 quod
468 1133 653 1209 antagonistae
668 1131 820 1212 posterior
833 1132 959 1192 enimam
974 1134 1124 1200 emieieeet.
1221 1130 1227 1138 '

152 1219 215 1276 Τοῦ
235 1208 457 1295 αἶνσαγανιστοῦ
476 1215 630 1296 αλαμένου
652 1221 708 1280 τοῦ
727 1213 823 1290 ποδός
843 1211 902 1282 u‘n’
923 1211 1046 1299 odere]
1075 1221 1158 1301 Legit

58 1308 208 1381 corrupte
227 1308 258 1360 et
278 1299 382 1358 mutile
395 1299 524 1376 Scaliger
536 1301 643 1406 pagine
659 1302 709 1368 42.
725 1295 949 1382 αἀταγωνιστσῦ
968 1303 1158 1385 Κλεομένους

57 1387 116 1446 τοῦ
117 1427 387 1446 ......
428 1379 519 1458 ποδὸς
533 1383 576 1448 v‘re
604 1379 710 1448 αὕτοῦ.
752 1387 839 1448 Unde
853 1386 1046 1448 Arrechionie
1060 1389 1158 1451 Anto·

56 1469 211 1545 gonietem
231 1476 321 1527 vocet
342 1467 543 1544 Cleomenem,
572 1479 602 1528 et
626 1469 700 1548 quid
721 1469 754 1528 iu
776 1471 883 1532 lacuna
906 1473 1066 1552 decideret,
1092 1475 1157 1556 ipre

56 1553 222 1628 edisserat,
242 1553 292 1612 vel
312 1553 413 1613 lumen
435 1553 557 1626 muidie
578 1562 717 1634 queerate
745 1554 856 1635 alioqui
876 1556 984 1636 planus
1004 1567 1048 1618 eet
1066 1560 1106 1622 Μ.
1122 1563 1154 1625 S.

55 1645 181 1714 textus,
204 1645 234 1694 et
247 1637 357 1696 fruma
371 1647 529 1717 torquetur
540 1639 573 1696 iu
586 1638 681 1698 Notis.

148 1723 321 1802 Σιμωνίδης
336 1717 488 1802 ἤκμαζεν]
509 1723 598 1782 Hunc
614 1733 643 1782 et
658 1729 826 1800 coquentem
838 1721 999 1784 minuam
1010 1723 1155 1788 Eusebiue
1216 1785 1219 1792 .

55 1807 96 1868 ed
113 1807 169 1872 55.
186 1803 357 1864 Chronicon
369 1805 514 1868 Alexand.
531 1807 568 1866 ed
582 1809 632 1873 58.
653 1807 772 1887 Olymp.
787 1817 919 1870 revocet.

145 1887 305 1950 ἮΛυδαῖν
318 1891 475 1972 βασιλεία]
497 1891 585 1965 Quod
599 1893 734 1952 Petaviue
748 1891 827 1950 libro
843 1897 894 1958 10.
907 1891 944 1951 de
954 1890 1039 1958 Doct.
1053 1894 1156 1976 Temp.

55 1993 130 2054 cap.
147 1975 177 2039 5.
193 1973 354 2050 desideret,
374 1977 526 2056 Lydorum
539 1975 680 2038 videlicet
692 1975 777 2056 regni
790 1975 929 2036 notitiem
946 1977 1048 2058 quoad
1064 1979 1156 2042 tinem

57 2067 93 2116 et
107 2058 291 2136 primordie,
312 2061 471 2142 Syncellue
485 2061 618 2141 exponit.

150 2142 215 2220 Peg·
235 2143 308 2210 240.
331 2149 462 2227 Κροῖσος
482 2142 557 2208 nord
577 2137 684 2228 Κύρου
707 2138 908 2229 στρατεύσας]
941 2145 989 2208 Ex
1008 2142 1056 2204 hie
1079 2163 1156 2225 queo

55 2225 181 2306 placent
193 2247 304 2287 eumma
318 2229 453 2310 decerpit
467 2230 598 2308 Scaliger
612 2251 678 2310 pag.
693 2231 747 2296 48.
763 2229 801 2290 ed
813 2233 973 2310 marginem
987 2249 1004 2289 e
1017 2229 1154 2291 Librario

56 2319 165 2370 notate
177 2310 323 2372 infletum
335 2315 454 2376 Eusebii
468 2323 586 2374 textum
602 2315 747 2376 intrudit:
770 2325 800 2375 et
810 2315 848 2376 ed
857 2326 969 2376 rectam
981 2315 1154 2396 proeodieua

58 2393 95 2453 eb
113 2397 237 2456 oraculo
249 2399 398 2477 prolatum
415 2419 534 2460 carmen
548 2399 700 2462 exscribit.

178 2485 310 2563 Κροῖσος
320 2479 415 2546 ”Aloe
435 2481 543 2564 «liuddo
563 2477 694 2564 μεγάλην
715 2475 847 2562 δύναμιν
865 2475 1033 2544 καταλύσει.

145 2560 253 2646 Κύρου
268 2571 328 2629 ταῖν
343 2573 470 2650 Περσῶν
489 2567 545 2632 leet
564 2563 621 2648 ee'.]
643 2567 689 2628 Ex
704 2565 928 2644 Chronologicie
948 2565 1058 2626 tabrilie
1077 2585 1153 2646 pro-

58 2649 159 2712 bande
171 2651 347 2729 emendatio,
367 2663 402 2714 ut
415 2663 445 2712 et
462 2672 587 2732 nequens
594 2696 603 2729 ,
625 2673 682 2730 qua
695 2645 772 2733 fild.
794 2651 861 2712 vice
877 2673 909 2734 ,e
930 2693 939 2711 .
960 2694 969 2712 .
991 2693 998 2708 .
1021 2692 1028 2708 .
1050 2693 1059 2710 .
1080 2647 1153 2708 eub-

59 2735 215 2814 etituitur,
235 2757 293 2796 uec
314 2757 375 2796 non
396 2737 500 2812 tertie,
523 2757 582 2816 qun
601 2737 669 2816 quie
688 2735 793 2795 mundi
814 2736 906 2796 luerit
927 2753 1022 2792 ennue
1040 2731 1153 2795 lorcin

60 2821 246 2882 Pontificetu
259 2831 446 2882 consecratus
462 2841 500 2882 ex
511 2823 576 2882 eolo
591 2819 787 2904 preeceeoorie
809 2819 876 2881 lesu
893 2818 948 2880 filii
961 2815 1081 2879 lceedec
1096 2837 1153 2878 en·

60 2925 170 2967 uorum
186 2915 307 2985 repectu
323 2907 493 2969 coniicitur.

35 3063 41 3076 ,
146 2985 314 3072 Καμβύσης
328 2987 403 3054 nord
416 2985 604 3072 lingonen]
625 2989 705 3050 Haeo
718 2989 848 3066 referre,
871 3007 933 3048 uon
946 3005 1075 3048 moerere
1089 2985 1153 3048 Au-

59 3075 180 3137 thorem
196 3077 283 3136 docet
297 3077 438 3157 proprius
452 3077 514 3136 eiue
528 3085 694 3154 computus.

143 3155 217 3226 'rinei
231 3153 454 3244 Ναβονασᾶρου
467 3160 524 3224 ἔτει
536 3155 623 3241 σμβ]
645 3152 714 3230 σλέ.
736 3156 770 3217 id
782 3165 826 3218 eet
844 3159 915 3224 286.
936 3154 1082 3216 duntaxat
1101 3175 1152 3216 re·

60 3267 153 3326 pono.
181 3245 257 3306 Aere
273 3245 419 3324 siquidem
433 3245 615 3304 Nebouaeari
631 3264 710 3302 anno
724 3242 828 3302 muudi
845 3241 938 3308 4747.
951 3239 1056 3320 affixa,
1071 3241 1152 3302 coloe

61 3336 134 3398 286.
155 3350 250 3390 annoe
272 3331 406 3410 postulet
428 3329 596 3405 addendos,
617 3337 654 3388 ut
673 3325 780 3388 deinde
800 3327 894 3394 4983.
912 3325 1027 3384 reddat.
1068 3325 1150 3386 Aliae

62 3417 133 3475 enni
147 3417 219 3483 242.
235 3413 543 3476 oereeNaboneeoreae
551 3411 695 3486 adiuncti,
711 3431 822 3472 anuum
836 3409 986 3490 Cambyeie
1002 3415 1031 3476 6.
1046 3430 1084 3470 ex
1098 3409 1152 3472 lo-

62 3501 149 3582 eephi
169 3499 220 3583 (ad
240 3501 325 3561 cuiue
347 3499 460 3560 dietum
481 3499 556 3560 haec
579 3499 743 3581 apponitur
761 3491 846 3578 note)
869 3495 992 3558 calculis
1011 3495 1152 3556 ultimum

64 3587 139 3646 ettin
159 3595 223 3650 unt.
608 3615 612 3630 ¹

140 3605 215 3749 l'eg.
237 3669 308 3738 245.
326 3661 382 3732 ’ναῒ
405 3667 455 3750 ἔτη
476 3667 573 3748 αἰσία]
601 3665 628 3727 d
647 3663 924 3727 Nabuchodonosor
944 3669 995 3732 19.
1013 3662 1052 3722 ad
1069 3659 1152 3721 Darii

62 3753 221 3835 Hyetepeie
242 3754 419 3828 secuudum,
448 3775 524 3814 unus
545 3763 574 3814 et
594 3752 757 3832 nonaginta
784 3759 981 3811 numerentur
1001 3746 1071 3806 enni
1091 3743 1151 3807 hoe

64 3849 163 3922 pecto.
203 3839 322 3919 lloliqui
342 3837 618 3899 Nabuchodonosor
640 3839 693 3903 2⁴1.
711 3835 818 3896 Evilod
839 3831 998 3895 Merodueh
1019 3831 1049 3898 5.
1063 3825 1153 3890 Niri-

64 3924 171 4004 gleeari
192 3929 221 3991 8.
240 3924 377 4003 Astyagis
393 3929 443 3988 17.
466 3921 538 4004 Cyri
552 3925 603 3988 81.
626 3921 777 4001 Cambyeie
791 3925 821 3985 8.
844 3919 982 3978 Fratrum
998 3915 1153 3992 Magorum

64 4030 161 4088 unue,
183 4009 263 4070 llerii
275 4007 433 4090 Hyetapeie
447 4007 518 4071 duo.
561 4009 682 4066 Summa
696 4011 746 4073 91.
763 4023 824 4063 non
837 4013 872 4062 ut
890 4001 1027 4082 imperite
1046 3999 1153 4060 Libru-

64 4099 127 4157 riue
140 4097 192 4162 88.

146 4182 216 4258 Peg.
238 4178 310 4245 246.
323 4174 396 4256 Ἔπη
410 4175 467 4240 elol
482 4170 543 4256 od]
565 4177 648 4237 Alter
666 4193 749 4235 error
766 4169 890 4232 librarii
911 4178 1043 4250 reptem,
1064 4187 1153 4248 quern

66 4273 223 4346 permeet,
245 4265 345 4322 minus
360 4261 528 4322 scribentis:
551 4257 603 4343 oy'.
618 4260 762 4320 nimirum
774 4277 836 4316 nou
848 4249 896 4335 ρι’.
919 4255 1048 4316 Calculie
1069 4259 1162 4316 error*

68 4349 273 4412 convincitur:
296 4368 331 4406 eo
345 4367 382 4406 ex
396 4347 549 4427 euperiore
560 4346 681 4426 quidem
696 4351 767 4402 nota
778 4341 814 4402 ab
829 4339 947 4402 excidio
968 4340 1153 4404 Hierusalem
