2960 4716
302 329 353 408 48
686 335 727 404 C.
748 335 790 404 G.
810 337 1016 408 BREDOVH

303 497 464 564 edocuerit.
504 493 688 556 Hodiernum
700 507 795 573 usqne
811 494 898 574 diam,
914 495 1058 576 Georgius
1071 495 1170 576 addit,
1189 496 1332 560 universa
1344 497 1392 558 ci-

302 587 380 648 vitas
403 581 482 640 hanc
502 579 622 639 Domini
642 577 737 639 nostri
758 579 900 658 effigiem,
927 581 1057 642 hominia
1076 603 1165 642 manu
1184 603 1246 643 non
1266 585 1392 660 factam,
1468 599 1469 604 ’

304 687 416 732 summa
427 667 536 746 pietate
550 663 629 724 colit.
642 662 686 743 ²⁸)
706 696 750 710 -
769 666 927 726 Auctorem
940 665 1030 726 haim
1049 668 1227 728 narrationis
1241 668 1394 747 Georgius

302 772 365 815 non
381 751 532 828 nominat,
562 749 648 829 qnia,
672 749 720 808 uti
733 749 873 828 videtur,
899 751 977 812 inter
990 772 1090 812 omnes
1104 753 1287 813 Christianos
1302 755 1393 814 illius

301 836 445 916 temporis
466 837 543 896 fama
564 834 705 915 epistolae
731 843 820 916 atque
841 837 976 916 imaginis
999 836 1110 898 Christi
1136 838 1299 898 Edessenae
1325 839 1394 899 iam
1447 909 1449 912 ¹

300 923 475 1004 pervulgata
491 929 563 982 erat.
604 920 758 980 Eusebius
768 921 854 982 nobis
867 931 911 982 est
923 922 1144 1002 antiquissimus
1164 923 1310 1004 scriptor,
1331 923 1392 1002 qai

301 1006 456 1087 epistolam
470 1027 488 1066 a
503 1005 622 1064 Christo
635 1005 674 1064 ad
686 1006 830 1084 Abgarum
845 1007 963 1066 missam
979 1028 1040 1067 esse
1053 1017 1195 1085 testatur,
1217 1019 1247 1068 et
1261 1009 1389 1088 primus,

278 1092 280 1098 ’
303 1093 335 1152 ni
356 1092 465 1168 fallor,
486 1090 538 1171 qui
552 1089 690 1170 epistolas
710 1092 819 1169 Abgari
833 1101 863 1150 et
878 1091 987 1152 Christi
1002 1113 1018 1152 e
1033 1094 1131 1172 lingua
1147 1093 1266 1171 Syriaca
1284 1105 1390 1154 trans-

302 1179 378 1238 latas
399 1177 477 1237 inter
499 1175 682 1236 Christianos
702 1195 822 1254 graecm
844 1177 1027 1256 divulgavit,
1055 1178 1131 1238 ldist
1154 1179 1231 1238 Eccl.
1254 1179 1279 1239 Ι.
1293 1199 1318 1238 c.
1336 1182 1388 1245 13.

303 1275 333 1325 st
354 1263 391 1324 ll.
410 1285 435 1324 c.
453 1268 481 1328 1.
502 1280 681 1342 quamquam
694 1281 756 1320 non
771 1261 836 1340 pari
858 1282 927 1321 cum
945 1265 1087 1338 caeteris,
1110 1283 1185 1342 quae
1200 1283 1239 1322 ex
1250 1265 1390 1340 Evange-

300 1349 351 1412 liis
372 1358 402 1409 et
419 1347 503 1408 Actis
517 1345 728 1424 Apostolorum
748 1345 861 1422 hausit,
882 1347 941 1406 fids
964 1346 1017 1408 has
1039 1348 1176 1427 epistolas
1195 1347 1322 1408 tradens.
1344 1381 1389 1393 —

300 1433 438 1512 Imaginis
453 1451 524 1493 vero
541 1429 668 1504 Christi,
689 1431 723 1490 in
740 1426 940 1515 χειρομᾶκτρῳ
961 1451 1116 1510 expressae
1130 1441 1159 1492 et
1177 1431 1215 1492 ad
1236 1435 1390 1513 Abgarum

300 1519 421 1593 missae,
442 1537 535 1595 neque
548 1515 707 1576 inEusebii
722 1517 841 1596 scriptis
856 1537 953 1596 neque
970 1517 1002 1575 in
1017 1520 1046 1576 S.
1062 1515 1227 1596 Ephraemo
1241 1538 1335 1598 neque
1352 1519 1389 1579 iu

300 1603 359 1686 alio
382 1602 481 1682 aliquo
499 1603 641 1681 Syrorum
658 1600 837 1680 scriptorum
855 1602 963 1662 veteris
981 1603 1046 1662 aevi
1063 1603 1204 1662 memoria
1224 1604 1273 1662 vel
1287 1604 1388 1662 resti-

300 1689 381 1768 gium
395 1697 504 1747 exstat:
527 1706 584 1765 quo
603 1705 640 1744 ex
655 1686 772 1746 silentio
786 1707 846 1745 nan
864 1696 981 1766 praeter
993 1690 1138 1748 rationem
1156 1688 1291 1768 colligere
1309 1687 1389 1748 mihi

299 1771 421 1850 videor,
443 1771 572 1832 fabulam
587 1769 720 1848 imaginis
732 1771 895 1831 Edsssenae
908 1791 970 1829 non
983 1773 1169 1843 manufactae
1182 1783 1314 1854 tempore
1326 1795 1389 1854 po-

300 1859 424 1918 steriore
439 1857 633 1935 excogitatam
652 1856 749 1916 fuisse.
789 1855 922 1931 Primus,
943 1857 1025 1934 apud
1043 1876 1130 1936 quem
1146 1856 1234 1918 huius
1249 1859 1389 1938 imaginis

301 1943 482 2005 mentionem
503 1941 634 2023 reperio,
664 1949 708 2000 est
720 1941 868 2021 'Evagrius
889 1937 942 2024 (in
963 1941 1210 2004 flist.Eccl.1V.
1232 1965 1296 2025 cap.
1313 1941 1389 2022 27.)

302 2030 355 2110 qui
369 2027 533 2089 lastiniano
546 2035 687 2106 regnante
700 2036 788 2086 natus
802 2027 881 2086 circa
899 2046 1009 2085 enarum
1026 2025 1136 2086 Christi
1150 2028 1212 2094 594
1229 2029 1391 2090 historiam

301 2135 386 2175 snam
405 2113 586 2192 composuit,
618 2121 648 2170 et
667 2113 700 2170 in
717 2111 799 2190 Actis
821 2110 941 2170 concilii
962 2111 1079 2190 septimi
1095 2111 1210 2191 primus
1231 2115 1390 2194 profertur

300 2198 438 2276 imaginis
451 2196 535 2255 testis
549 2195 628 2254 idem
642 2195 786 2273 Evsgaius
801 2195 921 2276 (p.313.
939 2195 986 2258 sd.
998 2194 1161 2278 Harduin.)
1201 2197 1235 2258 ln
1251 2199 1391 2279 scripto-

299 2283 383 2344 ribus
402 2279 569 2340 christisnis
582 2279 767 2358 sequentium
784 2281 969 2342 saeculorum
986 2281 1124 2361 frequens
1138 2291 1182 2342 est
1195 2284 1258 2343 eius
1270 2305 1391 2344 memo-

298 2367 360 2444 ria3
383 2375 414 2425 et
427 2363 638 2426 Constantinus
654 2363 934 2444 Porphyrogenneta
947 2365 1066 2445 longam
1081 2366 1241 2426 orationem
1256 2369 1293 2428 de
1306 2370 1391 2428 imu-

298 2453 365 2534 gine
377 2451 529 2513 Edessena
540 2449 668 2530 scripsit,
690 2449 810 2531 plenam
823 2449 1004 2510 fabularum:
1026 2472 1087 2511 non
1100 2471 1171 2512 vero
1184 2452 1389 2529 dissimulans,

299 2559 331 2600 se
347 2539 455 2599 lamam
471 2535 571 2614 sequi,
594 2555 670 2613 quae

503 2620 667 2682 Mobilitsts
680 2619 761 2698 viget
773 2617 909 2699 viresque
923 2622 1050 2700 acquirit
1063 2620 1179 2699 eundo,

298 2716 329 2770 et
343 2706 509 2790 prudenter
527 2705 683 2765 adiiciens:
704 2705 793 2784 longo
813 2705 954 2785 temporis
972 2708 1099 2768 decursu
1110 2704 1266 2766 historiam
1280 2725 1388 2788 saepe-

297 2813 424 2866 numero
444 2813 461 2852 a
478 2789 602 2852 veritate
619 2791 765 2850 aberrare.
785 2821 830 2838 —
851 2791 992 2851 Occurrit
1011 2791 1085 2852 mihi
1103 2792 1290 2870 coniectum,
1311 2813 1388 2854 num

297 2877 391 2957 ipsius
409 2877 527 2936 Eusebii
542 2875 631 2936 verba
643 2874 714 2934 huic
728 2875 862 2953 imaginis
881 2875 996 2934 fabulas
1014 2895 1114 2934 ansam
1135 2875 1288 2953 dederint,
1310 2897 1387 2938 num

298 2961 457 3024 doctorum
470 2960 578 3038 aliquis
590 2957 817 3018 christianorum
826 2961 927 3019 locum
939 2956 1043 3018 histor.
1056 2959 1129 3022 ecel.
1138 2960 1207 3024 libr.
1216 2961 1253 3021 11.
1266 2967 1387 3042 cap.1.:

298 3045 478 3126 „civitatem
497 3043 713 3104 Edessanorum
737 3038 777 3106 od
798 3040 889 3125 sexte
913 3041 1110 3126 ἐπιφέρεσθαι
1127 3046 1234 3126 δεῖγμα
1254 3051 1310 3126 τῆς
1329 3051 1387 3110 τοῦ

299 3134 432 3213 σωτῆρος
444 3127 532 3212 ἤμων
553 3150 596 3201 εις
611 3151 721 3203 caseos
740 3129 930 3212 sospysoiw
952 3149 1035 3189 more
1055 3129 1220 3192 talmudioo
1236 3132 1388 3192 frustatim

299 3217 472 3296 discerpens
494 3234 531 3274 ex
552 3233 615 3273 uno
634 3213 725 3272 verbo
743 3215 862 3293 longam
878 3214 1079 3274 narrationem
1094 3213 1272 3293 deduxerit,
1293 3225 1387 3296 atque

297 3301 455 3380 imaginem
467 3299 611 3379 aliquam,
632 3297 757 3358 Edessae
769 3299 848 3360 forta
857 3309 1019 3378 repertam,
1039 3299 1118 3359 illud
1129 3294 1169 3363 ου’
1179 3297 1268 3382 sagda
1278 3301 1388 3384 deiypss

298 3389 354 3467 τῆς
365 3389 422 3448 soei
434 3389 568 3466 σωτῆρος
580 3377 747 3466 εὐεργεσίας
760 3403 822 3446 esse
829 3429 838 3460 ,
859 3381 1068 3464 interpretatus
1082 3383 1129 3444 sit.
1468 3409 1469 3418 2

382 3471 432 3530 Sic
443 3490 509 3552 pag.
520 3473 593 3554 328.
609 3469 645 3532 Ι).
657 3469 766 3548 tradit,
787 3469 932 3548 Pilatum,
953 3467 1052 3532 relatis
1066 3469 1105 3530 ad
1117 3468 1286 3550 Tiberium,
1308 3489 1387 3551 quae

333 3633 382 3702 28)
397 3632 428 3686 Iu
439 3635 495 3688 loco
508 3631 616 3725 Georgii
629 3633 703 3706 plura
718 3653 734 3690 a
748 3633 859 3721 librariis
876 3639 997 3706 eampo
1012 3653 1071 3690 esse
1083 3635 1212 3692 videntur.
1228 3661 1264 3676 -
1281 3635 1389 3706 Θωμᾶς

368 3703 511 3790 Opddutor
530 3706 569 3768 sle
586 3707 713 3762 Edsooss
729 3705 775 3760 sai
791 3703 898 3767 'laedor
908 3704 980 3792 saed
997 3708 1079 3794 &sing
1091 3703 1212 3792 χρησμὸν
1226 3703 1389 3792 ἐξέπεμψαν

363 3775 1045 3914 transmittam‘renni
1060 3775 1339 3910 tritten:
1348 3793 1388 3886 r:

364 3908 534 3980 ἐξέπεμψεν.
557 3913 625 3968 Dein
644 3929 735 3968 nomeu
753 3914 823 3982 regia
882 3914 966 3967 meni
978 3915 1006 3967 in
1026 3915 1141 3985 Georgia
1161 3915 1255 3984 legitur
1273 3908 1387 3982 Adpar-

364 3999 441 4051 por,·
458 3982 486 4034 iu
497 3981 586 4036 codiee
599 3982 672 4051 regio
690 3983 831 4037 Par-iriensi
845 3981 953 4036 Eusebii
969 3982 1055 4037 ubivis
1071 3985 1195 4055 seriptum
1212 3990 1254 4038 est
1265 3979 1387 4054 ’Ἀγβα-

363 4069 442 4120 ροςς
457 4049 485 4103 in
497 4051 590 4120 optimo
603 4067 667 4106 vero
680 4051 786 4106 Eusebii
798 4051 886 4104 codice
900 4051 1034 4106 Macerino
1046 4059 1087 4106 est
1101 4047 1285 4126 Ἀβγαοοσ,
1302 4058 1330 4106 et
1345 4051 1386 4105 its
1468 4061 1469 4118 ζ

362 4118 469 4174 nummis
483 4137 584 4192 qnoque
598 4118 648 4173 hoc
659 4139 748 4174 nomen
767 4121 918 4190 imcalptum
937 4127 993 4186 est,
1012 4125 1040 4174 et
1058 4121 1175 4191 proxima
1193 4121 1228 4176 ad
1245 4119 1311 4174 haue
1328 4119 1385 4173 ior-

362 4205 426 4242 mam
444 4187 551 4242 nominis
570 4189 633 4242 ordo
650 4189 791 4244 litterarum
808 4191 836 4244 in
855 4183 1137 4258 Aipupocaccsdit.
1153 4217 1188 4230 —·
1213 4186 1384 4245 decessit-

364 4258 412 4310 sa
428 4273 488 4320 aas,
512 4257 583 4326 legor
608 4252 757 4312 ἀποστελῶ.
773 4287 808 4298 -
831 4257 1071 4314 inclinasset
1090 4275 1136 4322 os,
1157 4261 1230 4328 lagos
1245 4255 1385 4315 laioassad

365 4337 404 4380 ss.
419 4351 455 4365 -
471 4325 625 4398 δεσπότην
640 4323 759 4399 σέβουσα
772 4328 945 4400 geometriae,
962 4329 1035 4400 leges
1051 4325 1217 4388 samaro.
