2860 4714
353 375 416 446 ar
435 351 795 451 sonorantium.
1052 371 1128 446 sm

63 535 176 618 synodis,
194 553 328 597 necnon
345 555 384 596 ex
395 555 456 596 usu
474 535 631 598 immutato
648 530 827 598 rub'Carolo
842 533 897 596 IX.
917 555 997 598 anno
1018 537 1127 602 denum

64 626 129 688 1567.
140 627 187 702 qui
201 622 319 703 primus
331 622 412 702 apud
424 641 480 681 nos
488 642 506 681 a
515 623 750 684 circumcisione
761 621 896 698 Domini,
917 641 971 684 sou
982 625 1126 686 Kalendis

61 707 160 767 ianuarii
171 707 301 788 incepit:
322 715 409 766 antea
429 707 511 766 enim
533 717 636 767 sancta
654 707 892 769 Resurrectionis
913 706 995 785 dies,
1017 711 1126 772 natalis

61 801 104 850 mt
112 791 174 852 anni
186 793 295 856 nostri.
338 791 436 866 Quam
449 791 571 872 quidem
580 793 659 853 diem
671 813 687 852 a
700 795 823 873 Syuodo
832 793 970 870 Nicaeae,
985 813 1023 854 ex
1034 815 1123 876 prse-

59 877 150 956 sciptis
160 877 222 938 illic
235 875 360 957 regulis,
379 876 613 940 observavimus.
648 878 735 940 Prius
751 889 851 938 autem
866 897 1052 960 quacumque
1067 881 1125 956 die,

59 980 103 1024 nu.
112 962 169 1022 Kal.
177 963 272 1042 April.
284 963 398 1040 fuisset,
414 961 529 1022 Pascha
544 983 662 1044 semper
670 963 859 1023 celebrabant
873 971 1020 1026 nostrates
1031 965 1126 1025 Galli:

61 1047 167 1122 quoniam
183 1047 295 1107 Christi
307 1049 498 1108 Resurrectio
514 1068 548 1108 ea
562 1049 612 1108 die
625 1048 717 1108 suisso
731 1047 916 1122 tradebatur,
933 1068 1037 1128 nempe
1052 1070 1126 1110 xxv.
1227 1051 1231 1064 '

59 1128 137 1190 liertii.
170 1131 202 1192 ld
216 1132 323 1192 docuit
338 1133 432 1214 Epist.
446 1133 597 1213 Synodica
614 1131 751 1214 Teoplrili
764 1131 972 1204 Caesariensis,
989 1135 1126 1195 Doctoris

37 1281 42 1302 .
59 1215 159 1294 ntiqui,
173 1226 202 1276 et
216 1219 313 1278 vicini
321 1217 565 1298 Apostolicorum
578 1227 757 1298 temporum,
774 1216 901 1278 authore
908 1217 987 1276 Beda
997 1237 1062 1298 cap.
1073 1220 1124 1284 47.

58 1299 310 1364 tristimonio:
330 1303 427 1384 Epist.
445 1303 623 1364 verbahaec
636 1324 699 1364 esse
714 1305 862 1364 feruntur.
907 1302 1018 1362 Omnes
1035 1303 1124 1362 Gelu·
1140 1301 1206 1360 Η

26 1423 27 1428 1
58 1403 126 1443 uum
138 1383 212 1446 diem
225 1389 481 1464 anniversarium,
505 1407 586 1452 νιιι.
603 1391 674 1450 Kal.
688 1387 767 1468 Apr.
777 1409 837 1468 pro
851 1387 1007 1447 Pmolrate
1019 1399 1127 1460 tenent,

57 1465 171 1528 dicenter:
195 1471 284 1550 Quid
295 1473 383 1532 nobie
394 1485 438 1532 eat
451 1471 497 1532 ad
510 1477 619 1533 Lunae
632 1483 809 1552 computum
823 1493 875 1532 um
890 1471 1016 1532 Iudaeis
1023 1475 1127 1549 facere

57 1553 172 1614 Pascha?
196 1560 240 1616 Ee
257 1579 329 1617 cum
343 1561 477 1620 Domini
492 1559 628 1618 natalem
643 1577 833 1638 quocumque
849 1555 899 1616 dte
915 1561 1028 1618 venerit
1043 1577 1125 1619 νιιι.

58 1638 105 1698 lul.
125 1640 244 1705 Ianuar.
265 1645 315 1703 ita
336 1665 417 1706 νιιι.
438 1645 510 1704 Kal.
528 1643 633 1722 April.
656 1639 780 1722 quando
803 1663 839 1701 ea
860 1641 911 1700 dte
932 1643 1124 1702 Resurrectio
1151 1707 1154 1714 ,

59 1719 146 1784 Oiruti
157 1729 259 1804 fuisse
270 1728 413 1788 traditur
427 1728 567 1788 debemus
581 1728 707 1786 Pascha
719 1737 823 1790 tenere.
866 1727 1021 1786 Gaetmum
1034 1737 1064 1788 et
1076 1748 1124 1788 ea.

57 1805 103 1867 iem
119 1811 159 1870 lio
170 1833 243 1875 xxv.
260 1815 378 1890 Martii,
401 1815 535 1894 feriaque
551 1812 663 1894 prima,
685 1813 816 1874 mundus
837 1809 932 1874 creari
953 1813 1069 1892 coepit,
1090 1821 1125 1874 ut

57 1889 171 1956 lictoriae
184 1907 212 1959 et
226 1899 278 1960 alii
299 1900 466 1976 tradidere,
489 1909 519 1958 et
538 1899 710 1958 incarnatio
729 1896 839 1957 Christi
860 1893 995 1972 contigit.
1037 1897 1125 1958 Atte-

57 1985 126 2039 statur
132 1981 271 2046 ricbertus
286 1986 428 2065 Myrseus
441 1984 474 2044 in
488 1984 599 2044 Cirr-on.
613 1985 739 2063 praelat.
752 1983 905 2060 Brabanti,
927 1980 1051 2041 Fltudri
1065 1983 1124 2040 Ca·

56 2077 201 2128 noscentes
216 2071 254 2130 ad
268 2091 383 2132 aunum
396 2071 594 2148 usqu01577.
609 2089 694 2130 more
702 2067 852 2130 Ecclesiae
865 2065 1036 2126 Gallicanae
1051 2087 1122 2145 epo·

56 2143 117 2207 mam
137 2151 165 2210 in
183 2154 327 2216 Paschate
355 2157 557 2215 collocarunt:
575 2149 579 2173 ¹
596 2173 672 2234 quas
701 2151 896 2234 computandi
914 2151 995 2212 ratio
1019 2151 1123 2230 diplo-

55 2241 110 2290 mate
125 2239 195 2316 regio
208 2249 287 2300 tunc
302 2241 458 2320 antiquata
475 2249 535 2310 est,
559 2239 805 2321 commodiorque
824 2239 949 2300 inducta
963 2257 981 2296 a
993 2236 1123 2306 Kalend.

56 2311 140 2382 imitr-
155 2323 305 2406 principio
321 2323 500 2386 numerandi
516 2325 606 2384 facto.

120 2423 286 2501 Κννονικοῑς
307 2449 353 2501 τε,
375 2425 428 2489 uoti
443 2423 648 2507 ἒξηγητικοῖς.]
670 2425 704 2484 ld
723 2433 768 2486 est
787 2423 1002 2502 chronologica
1022 2423 1123 2484 etHi-

55 2501 136 2562 storica
149 2508 297 2572 methodo.
340 2513 452 2572 Rerum
470 2513 548 2570 enim
565 2519 714 2588 gestarum
734 2511 893 2592 plerosque
906 2510 1048 2586 leguntur
1069 2509 1121 2570 hic

55 2587 217 2652 narrationes:
239 2606 270 2654 et
289 2615 337 2655 res
358 2597 477 2656 eaedem
500 2617 535 2656 ac
555 2615 718 2675 personae,
748 2596 785 2654 do
802 2595 911 2674 quibus
924 2593 1121 2672 narrationes,

55 2665 135 2762 adtsua
147 2681 274 2757 tempora
290 2689 517 2761 temporumque
530 2690 631 2760 partes
650 2681 822 2740 amandatae
836 2699 871 2738 sc
885 2677 1032 2757 repositae
1046 2699 1123 2738 con-

55 2753 194 2825 ructantur.
224 2767 341 2824 Seriem
356 2777 383 2824 et
397 2765 596 2846 diagramma
611 2777 780 2844 temporum
789 2765 893 2823 Graeci
906 2756 1052 2828 κανόνων
1065 2783 1121 2821 vo-

56 2846 118 2930 iffnir
136 2851 161 2902 tt
174 2845 310 2927 διατάξαι
326 2855 509 2926 κανονικοῖς,
531 2849 577 2909 ad
589 2851 753 2930 proprium
773 2852 916 2930 temporie
932 2845 1069 2908 ordinem
1090 2858 1120 2907 et
1235 2923 1237 2932 Ι

54 2929 123 2980 suom
134 2934 273 2996 remittere
291 2935 414 3016 scripsit
426 2935 547 2996 Author
562 2935 717 3014 Georgius.

26 3093 27 3100 .
100 3047 187 3144 ΙὍτιὲρ
207 3065 273 3132 τοῖς
289 3059 414 3130 πολλοῖς
429 3059 491 3118 τοῖν
508 3055 669 3134 ἱστορικῶν
688 3045 728 3116 ori
747 3045 1006 3132 cupritpoirnrut]
1029 3049 1119 3114 Vete-

54 3133 299 3306 gtepllppqputhores
317 3141 470 3202 recensuit
485 3139 624 3203 Petavius
639 3138 692 3200 lib.
712 3143 762 3206 12.
778 3137 816 3199 de
835 3137 914 3199 doct.
929 3137 1032 3222 Temp.
1049 3159 1117 3222 cap.

69 3399 73 3410 Ι
117 3323 264 3415 mepte„
279 3331 338 3392 τοῦ
353 3322 471 3405 Νισὰν,
492 3323 543 3392 κε’.
565 3321 648 3410 :seori
662 3323 817 3408 Ῥωμαίοις
830 3321 997 3410 Moutlou]
1021 3325 1117 3386 Geor-

55 3416 100 3473 gn:
122 3408 191 3470 inira
214 3433 281 3494 pag.
306 3415 379 3480 315.
404 3411 466 3494 μήν
491 3407 566 3496 παρ’
592 3413 742 3496 Ἑβραίοις
766 3405 868 3474 Meta
894 3407 1118 3493 προτόντιστος,

55 3493 141 3590 πρῶτος
157 3493 234 3580 ἄγων
248 3497 375 3582 ἡμέρας,
398 3495 466 3580 ἥτις
479 3495 555 3564 uacci
576 3497 631 3580 pir
645 3497 807 3580 Ῥωμαίους
828 3498 868 3581 τῇ
880 3488 931 3559 κε’.
947 3499 1004 3559 τοῦ
1020 3500 1117 3577 Μορ-

56 3589 98 3632 tuo
116 3585 265 3660 συμπίπτει
280 3577 328 3648 citi
349 3578 454 3665 μηνός.
497 3588 612 3645 Mensis
632 3585 733 3644 Niean
756 3592 878 3640 creatur
895 3584 1033 3640 omnium
1046 3582 1116 3659 pri-

56 3670 110 3736 nui,
118 3663 244 3748 diemque
254 3668 341 3728 ducit
347 3674 480 3749 primur,
494 3673 592 3752 quiin
603 3671 715 3729 Martii
725 3671 837 3728 metuis
845 3668 996 3726 Romania
1004 3665 1117 3722 mirus·

57 3745 160 3812 quintum
182 3765 210 3812 et
230 3758 407 3815 vicesimum
428 3777 541 3836 semper
565 3757 706 3814 incurrit.
755 3753 844 3828 Quod
867 3753 909 3811 ita
929 3748 1115 3830 principium

56 3829 104 3885 anni
121 3837 152 3894 ad
169 3837 267 3898 Martii
292 3841 343 3906 25.
367 3840 470 3919 alligat
490 3841 650 3920 Georgius,
682 3847 712 3898 et
726 3838 763 3898 ab
784 3857 819 3898 eo
841 3855 959 3914 semper
979 3831 1114 3912 incipere

55 3905 144 3994 definit,
177 3923 340 4004 imperitiae
367 3935 428 4003 est,
461 3928 504 3987 ait
528 3926 666 3988 Petavius
691 3923 745 3984 lib.
776 3927 806 3988 9.
830 3921 867 3982 de
894 3921 981 3978 Doct.
1009 3917 1113 3996 Temp.

55 4009 99 4072 θῦν·
111 4005 135 4065 3.
145 4026 235 4088 neque
249 4011 326 4070 euim
338 4011 429 4070 Niaan
444 4011 492 4073 die
506 4019 534 4078 1.
550 4011 685 4072 Christus
699 4005 877 4080 resurrexit,
899 4003 952 4063 aed
965 4003 1048 4060 Lnnu
1064 4007 1114 4096 tt.

54 4073 98 4172 Neo
109 4087 207 4153 ludoici
221 4096 313 4155 Nisan
328 4107 418 4176 caput
430 4118 495 4159 esse
512 4097 627 4174 hum,
649 4105 680 4156 et
698 4095 733 4156 in
752 4091 852 4154 Martii
866 4089 918 4158 25.
933 4105 1051 4167 sempor
1067 4105 1115 4144 ru·

54 4165 128 4228 erdere
137 4195 314 4260 nequaquam
328 4190 437 4262 pateat.
455 4173 461 4182 ’

116 4276 229 4366 Omiep
248 4277 387 4347 aivum
408 4277 571 4362 merriaco]
600 4279 717 4343 Allusio
740 4277 779 4338 aa
804 4275 882 4336 illud
902 4270 1116 4334 Pentecostarii

54 4345 203 4426 incorum
220 4369 345 4428 reuma:
363 4368 515 4429 eausa.
529 4368 596 4440 ue,
617 4377 647 4428 e:
665 4363 831 4424 uomina.
843 4379 900 4442 per
913 4357 1045 4420 omna.
1057 4357 1115 4418 ac.

105 4456 189 4532 Gerr.
204 4466 341 4536 ansam.
357 4467 392 4521 u.
862 4451 906 4513 22
