2960 4716
522 353 819 428 Dlssun‘rsu‘lo,
1160 353 1210 430 46

117 523 279 578 nucum
303 511 533 596 scripturorum
550 513 634 576 bunc
652 514 763 576 librum
782 524 1022 598 compatrum,
1045 514 1211 602 (Hierony-

116 621 173 662 mus
191 601 226 660 in
249 601 384 682 praefat.
409 601 449 660 ad
470 601 539 662 libr.
558 597 690 681 Iudith),
718 601 1044 662 Pseudo-Athanasius
1063 604 1211 684 epitomas

111 705 207 746 uerae
227 686 405 766 scripturae
425 687 546 761 inserit3
574 685 758 762 Augustinus
774 697 808 746 ut
822 687 933 748 librum
951 687 1128 750 canonicum
1143 711 1210 752 me-

109 779 216 847 morat,
235 791 273 830 ac
286 771 418 830 tertium
433 771 599 832 Concilium
614 769 853 851 Carthaginiense
867 793 946 834 anuo
957 777 1022 840 397
1035 794 1142 838 canon
1157 775 1211 844 47.

107 857 140 916 in
155 875 305 916 canonem
319 855 448 937 recepit.
1119 877 1126 894 ·

194 959 254 1018 lies
266 967 368 1037 gestas
382 957 614 1018 fortissimorum
627 958 722 1036 gentis
734 957 871 1018 Iudaicae
883 958 1017 1036 heroum,
1040 961 1109 1022 dico
1122 963 1208 1023 Mao-

111 1045 254 1121 cchceos,
277 1043 390 1119 latius,
412 1043 459 1102 uti
479 1044 629 1123 expectari
647 1053 783 1123 poterat,
806 1043 950 1120 Georgius
969 1048 1134 1124 enarravit,
1156 1069 1207 1108 ea·

112 1130 237 1209 demque
251 1129 373 1208 saepius
391 1137 530 1208 repetem
547 1128 640 1188 libros
658 1128 713 1187 snb
735 1129 856 1188 nomine
870 1129 1110 1192 Maccahaeorum
1128 1142 1207 1194 totos

111 1215 174 1275 fers
193 1214 341 1274 exhausit.
390 1215 458 1276 Tuis
475 1209 530 1294 pio
545 1209 602 1294 yde
615 1207 829 1276 θεοπνεύστων
846 1208 901 1276 oo’s
926 1213 1000 1292 eici,
1021 1212 1159 1298 χρήσιμοι
1174 1215 1208 1281 dd

108 1295 198 1362 πάνυ
215 1297 383 1375 πεφύκασι,
405 1317 472 1378 pag.
492 1301 563 1366 278.
580 1297 612 1357 G.
633 1327 675 1346 -·
697 1299 841 1376 Georgius
858 1309 991 1379 quatuor
1010 1301 1102 1360 libros
1117 1301 1207 1362 Mse-

112 1385 291 1443 cabaeornm
304 1393 458 1460 numerat,
479 1381 648 1442 describam
662 1401 781 1462 quoque
794 1404 867 1464 quae
879 1384 912 1444 in
923 1383 1001 1444 libro
1015 1395 1121 1466 quarto
1135 1407 1206 1446 con.

113 1479 202 1528 tenta
215 1468 330 1528 fuerint.
367 1469 519 1545 „Quartus
530 1467 616 1543 liber,
631 1487 695 1548 pag.
709 1471 779 1534 293.
795 1469 826 1528 D.
840 1468 890 1546 ait,
911 1470 1037 1530 eximius
1050 1479 1103 1547 ast,
1125 1471 1208 1550 quod
1229 1503 1240 1510 ·

110 1555 195 1634 piam
222 1552 432 1631 cogitationem
453 1551 638 1634 passionibus
654 1552 843 1640 superiorem,
856 1573 918 1612 esse
937 1555 1039 1632 docet,
1067 1557 1207 1636 quodque

109 1640 306 1698 certationem
323 1637 482 1720 describit,
504 1657 592 1716 quam
611 1645 723 1718 septem
738 1637 846 1696 iratres
868 1657 937 1696 cum
952 1649 1045 1700 matrs
1060 1640 1205 1702 exhause-

108 1724 190 1800 rint,
216 1723 408 1803 temporibus
433 1721 576 1782 ionatbae
601 1721 767 1780 Maccshsei
790 1733 819 1781 et
838 1722 939 1782 fratris
961 1725 1121 1784 Simonis.’'
1163 1725 1205 1786 Et

5 1857 7 1868 .
108 1829 178 1889 pag.
202 1815 273 1876 279.
296 1809 348 1866 B.:
379 1805 572 1884 „Antiochus
593 1805 763 1887 Epiphanes
787 1807 900 1886 ingenti
920 1817 1067 1888 apparatu
1082 1809 1204 1886 bellice,

112 1893 191 1972 agris
203 1893 328 1952 nasutis
343 1891 581 1972 Hierosolymam
600 1911 754 1970 aggressus
778 1901 825 1951 est
842 1912 920 1951 anno
936 1893 1205 1971 1481egniGras·

111 1997 234 2038 corum:
258 1999 315 2058 quo
329 1985 468 2058 tempore
484 1987 514 2037 et
528 1977 673 2036 mnsam
689 1985 719 2037 et
734 1985 847 2056 septem
867 1995 1028 2056 puerorum
1042 1997 1078 2036 sc
1097 1978 1202 2038 mah-is

109 2083 214 2124 eorum
237 2063 418 2143 martyrium
438 2062 576 2142 contigit,
607 2061 653 2120 nti
673 2061 706 2120 iu
728 2071 834 2141 quarto
863 2062 941 2120 libro
961 2057 1204 2122 Maccahaeorum

107 2153 285 2209 narratur.”
328 2148 399 2225 Peg
414 2152 486 2214 286.
502 2147 532 2206 G.
550 2147 698 2224 „Eleazar
711 2147 849 2225 magister
862 2149 1047 2226 puerorum”
1062 2145 1202 2208 nomina-

109 2243 170 2294 tur.
183 2265 226 2281 -
245 2233 332 2294 Haec
347 2251 412 2291 eam
428 2231 466 2291 oh
481 2251 601 2292 causam
615 2231 762 2292 enotanda
776 2251 838 2292 esse
851 2229 923 2290 mibi
936 2231 999 2290 visa
1012 2241 1099 2308 sunt,
1121 2231 1201 2312 quod

110 2327 141 2378 et
154 2327 252 2399 patres
265 2316 459 2377 ecclesiastici
473 2317 559 2377 latini
580 2316 689 2377 librum
705 2326 843 2396 quartum
855 2317 1097 2376 Maccahaeorum
1112 2317 1202 2397 plana

109 2423 172 2463 non
189 2411 447 2479 commemorant,
475 2411 506 2462 et
518 2403 629 2480 graeci,
651 2401 703 2480 qui
717 2401 866 2462 interdum
885 2399 1006 2480 quidem
1018 2402 1200 2462 montionem

107 2489 179 2550 limi
188 2490 340 2564 inferunt,
361 2507 425 2546 nou
438 2495 577 2546 accurate
589 2487 775 2563 describunt,
798 2506 874 2566 quse
887 2487 921 2545 in
935 2507 970 2546 eo
983 2496 1122 2546 contenta
1135 2488 1200 2546 sua·

109 2573 181 2634 rint.
214 2575 276 2634 cn.
291 2573 420 2632 Cotelier
433 2572 466 2632 in
480 2572 559 2632 uotis
573 2573 612 2631 ad
625 2571 757 2630 Canones
772 2570 950 2651 apostolicos
961 2591 1027 2651 pag.
1044 2577 1114 2638 117.
1128 2575 1199 2636 118.

112 2659 188 2724 333.
198 2689 238 2701 -
253 2657 347 2735 Igitur
357 2667 492 2738 tempore
504 2655 662 2716 recentiori
676 2656 727 2714 alii
735 2655 826 2714 alium
840 2656 951 2715 iihrum
962 2655 1200 2734 manuscriptum

110 2742 146 2801 iu
160 2761 221 2821 quo
235 2741 313 2802 forte
326 2741 363 2800 de
375 2741 557 2801 Maccabasis
571 2741 715 2826 quaedam
731 2750 851 2798 narrata
865 2749 963 2815 erant,
984 2737 1094 2799 librum
1108 2759 1200 2818 quar-

108 2835 172 2887 tum
185 2827 430 2887 Maccahaeorum
446 2845 508 2886 essa
522 2825 728 2900 coniecerunt,
750 2824 799 2904 (ut
810 2823 912 2881 Sixtus
926 2823 1062 2881 Senensis
1077 2823 1109 2881 in
1126 2823 1199 2884 bibl.

106 2921 208 2971 sancta
223 2913 294 2972 libr.
309 2911 332 2969 1.
349 2931 415 2991 pag.
433 2915 483 2978 39.
495 2909 650 2970 historiam
667 2907 783 2969 ioannis
796 2906 948 2987 Hyrcani,
971 2925 1059 2986 quam
1074 2907 1150 2967 tono
1164 2907 1199 2971 iu

104 2995 291 3057 bdeliotbeca
309 2995 408 3056 Sentis
424 2995 548 3075 Pagnini
567 3013 670 3073 graece
685 2993 917 3072 manuscriptam
937 2991 1109 3074 repererat.)
1151 2993 1199 3054 Ex

104 3079 168 3140 hoc
182 3091 280 3142 autem
296 3081 366 3140 loco
382 3079 534 3156 discimus,
558 3079 677 3158 Georgii
692 3089 824 3158 tempore
836 3079 946 3138 librum
958 3077 1046 3137 illum
1058 3075 1127 3160 περὶ
1142 3071 1198 3139 esi-

105 3161 286 3247 rospaisopoc
305 3169 447 3247 λογισμοῦ
466 3167 529 3225 sive
551 3165 594 3239 sic
614 3160 686 3239 sosio
706 3163 944 3244 Μακκαβαίονς,
973 3181 1060 3242 quem
1079 3159 1198 3242 losepbi

102 3269 169 3312 esse
181 3253 273 3330 vulgo
286 3251 423 3324 credunt,
442 3249 551 3310 librum
566 3257 705 3329 quartum
716 3247 958 3308 Maccahaeorum
970 3255 1111 3306 vocatum
1123 3265 1196 3324 asse,

103 3335 157 3414 qui
176 3337 271 3415 igitur
284 3335 318 3394 in
334 3335 464 3394 editione
483 3337 545 3396 suiv
568 3329 592 3398 o'
606 3333 802 3411 Herwsgiana
824 3330 966 3412 (basileae
987 3326 1082 3411 1545)
1104 3339 1135 3390 et
1162 3331 1197 3392 iu

102 3419 293 3480 wecheliana
312 3419 515 3502 (Francofurti
530 3415 625 3500 1597)
644 3427 725 3479 recte
743 3417 841 3476 tribus
854 3415 1093 3476 Maccahaeorum
1110 3415 1196 3476 libris

102 3505 223 3566 additus
246 3513 308 3566 cst:
337 3525 396 3584 quo
419 3505 488 3564 loco
510 3504 543 3562 in
564 3503 717 3564 nonnullis
742 3521 860 3582 quoque
879 3500 964 3562 libris
984 3501 1195 3582 manuscriptis

99 3589 222 3667 iegitur.
273 3589 334 3654 Cir.
357 3589 483 3651 celmefi
502 3587 719 3650 Dictionarium
741 3587 887 3647 biblicum
915 3587 949 3646 in
978 3603 1053 3646 vocs
1073 3585 1194 3646 Macca-

98 3673 255 3738 haeorum.
536 3669 538 3674 ’

185 3775 263 3836 Dein
284 3775 415 3836 alienum
437 3783 498 3853 est,
524 3773 608 3854 quod
627 3773 660 3834 in
683 3772 848 3853 Georgiana
869 3769 1111 3854 Chronograpbia
1129 3789 1193 3832 non

99 3861 190 3922 semel
201 3859 328 3941 legitime
349 3862 512 3940 „librorum
527 3859 563 3920 de
570 3859 749 3921 blaccahaeis
760 3869 909 3918 auctorem
925 3877 989 3918 esse
1004 3855 1190 3938 iosepbum,”

99 3965 250 4026 quumque
261 3945 346 4006 huuc
361 3945 522 4026 Iosephum
535 3965 596 4004 non
611 3944 748 4026 pluribus
766 3945 866 4004 verbis
882 3943 1038 4015 descnhit,
1061 3940 1191 4020 cogitare

97 4029 252 4110 debs-us,
274 4051 339 4091 ease
358 4029 517 4111 Iosephum
534 4029 719 4090 historicum.
761 4031 828 4108 Pag.
844 4029 916 4096 249.
930 4027 973 4086 D:
1000 4023 1037 4088 cd
1061 4023 1094 4088 di
1116 4021 1193 4103 perd

95 4119 194 4180 rasim
200 4111 357 4199 συμβάντα
372 4109 395 4198 ἦ
408 4113 578 4200 πραχθέντα
585 4111 632 4199 ¹²)
649 4119 712 4190 τοῖς
725 4109 879 4188 Ἰουδαίοις
894 4105 1063 4192 dicionem
1082 4107 1115 4174 1ν
1127 4115 1191 4186 τοῖς

130 4279 185 4350 27)
198 4279 348 4340 lumem
359 4280 387 4336 iu
403 4279 557 4336 editionibus
571 4281 637 4338 hasa
649 4281 741 4336 verber
757 4277 917 4404 npczhirsn
929 4273 1069 4360 iffltftit
1082 4275 1189 4341 deins

166 4348 378 4421 unosdcsuc
392 4355 454 4417 rote
468 4345 627 4418 ’Iovdntons
645 4369 722 4424 quae,
736 4351 764 4404 ui
788 4349 861 4412 atior,
874 4347 1025 4417 glossatoris
1035 4352 1102 4400 sunt
1121 4347 1189 4399 Nam
