2960 4716
294 1293 399 1380 Viri
432 1291 697 1401 doctissimi,
727 1293 989 1412 amplissimi

12 1725 14 1816 j
95 1667 266 1775 Mus...
284 1714 379 1776 von,
402 1713 514 1794 grassa
537 1714 621 1776 nm
647 1713 790 1776 nonne
810 1713 918 1792 aean,
946 1715 1029 1795 quor
1048 1716 1198 1796 praemiis,

12 1821 13 1866 t
93 1798 189 1878 gloria
199 1800 299 1862 Vestri
312 1801 434 1882 imperii
447 1799 555 1880 dignis,
576 1800 676 1862 studia
693 1801 879 1866 eruditorum
894 1801 932 1862 ad
943 1801 1120 1876 doctrinam,
1139 1822 1201 1861 no-

12 1889 13 1946 }
97 1895 163 1944 stra
176 1895 269 1948 estate
282 1887 374 1946 nimis
388 1885 572 1964 neglectam,
593 1887 752 1948 revocatis.
797 1887 1003 1965 chronologia
1027 1885 1084 1946 lux
1104 1885 1200 1944 histo·

12 1969 13 1982 ¹
96 1969 165 2029 riae
180 1968 239 2027 dici
251 1979 366 2049 potest:
390 1991 459 2028 nom
473 1968 515 2045 si,
536 1979 703 2048 quaegesta
716 1979 805 2047 snut,
827 1971 997 2050 promiscue
1012 1979 1042 2030 et
1061 1971 1123 2030 sins
1147 1991 1200 2031 or-

95 2055 171 2116 dine
183 2055 325 2134 temporis
340 2073 461 2130 narres,
482 2053 599 2114 anirnus
610 2055 761 2135 permixta
776 2076 876 2116 rerum
892 2057 979 2116 ttuba
993 2055 1035 2114 ita
1052 2054 1199 2133 obruitur,

94 2149 131 2202 ut
143 2148 286 2218 tanquam
298 2139 331 2198 in
346 2138 478 2200 tenebris
489 2137 612 2200 fluitans
625 2139 701 2200 nihil
718 2141 887 2200 discarmrs
904 2161 961 2202 neo
980 2151 1081 2202 tenere
1102 2149 1200 2220 queat.

93 2224 213 2284 Nostris
229 2225 350 2303 quidem
362 2223 547 2304 temporibus
560 2225 656 2284 omnis
669 2245 717 2286 res
733 2225 942 2304 chronologica
955 2225 1036 2286 haud
1056 2226 1200 2305 impedita

94 2309 193 2370 videri
208 2319 317 2390 potest,
340 2310 482 2389 quonism
497 2318 526 2369 et
539 2311 646 2370 modus
658 2312 731 2370 anni
745 2311 1001 2372 observationibus
1017 2309 1201 2377 astronomi-

95 2395 141 2456 cis
157 2395 263 2456 finitas
279 2405 340 2472 est,
362 2405 393 2454 et
413 2415 560 2455 annornm
582 2415 724 2456 numerus
739 2417 755 2454 a
779 2407 860 2456 certo
882 2397 1025 2476 temporis
1047 2395 1200 2476 principio

96 2481 258 2558 colligitur.
273 2513 317 2528 —
343 2481 444 2559 Longe
459 2500 532 2540 vero
547 2481 621 2542 aliae
636 2492 721 2542 erant
738 2481 956 2561 Chronologs'oe
969 2477 1203 2559 rationesnpnd

92 2569 259 2646 antiquos:
288 2585 386 2646 neque
409 2585 479 2626 vera
500 2567 572 2626 anni
601 2567 761 2645 longitudo
783 2577 936 2646 comperta
956 2575 1037 2642 erat,
1064 2585 1162 2643 neque
1182 2584 1201 2622 a

96 2659 187 2711 certo
202 2651 349 2728 principio
371 2672 466 2712 annos
486 2652 700 2718 numerabants
721 2651 795 2731 quid
811 2652 914 2730 quodi
935 2651 1032 2710 need
1053 2669 1201 2710 annorum

95 2732 221 2813 quidem
233 2748 389 2790 numerum
405 2755 454 2792 res
469 2747 565 2812 gestas
587 2737 723 2815 digerere
738 2738 829 2798 moris
845 2745 923 2796 erat:
946 2737 984 2796 ad
999 2755 1116 2814 regum,
1137 2755 1200 2792 ma-

91 2821 293 2902 gistratuum,
313 2815 492 2896 pontificum
505 2823 624 2896 tempus
639 2835 686 2874 eas
700 2821 876 2877 referebant.
889 2849 932 2864 ·-
952 2821 1054 2896 Itnqus
1067 2819 1100 2876 in
1112 2828 1199 2896 gente

96 2907 287 2969 Graecorum
308 2901 432 2980 quaevis
452 2900 625 2979 respublica
641 2921 724 2962 suam
739 2900 968 2980 chronologiam
992 2912 1117 2980 sequuta
1138 2913 1198 2964 est:

90 2989 294 3051 Athenienses
303 3007 406 3046 rerum
423 2993 571 3064 gestorum
588 2995 706 3067 tempus
718 2985 910 3046 Archontnm
925 2987 1112 3064 nominibus,
1134 2991 1199 3047 Ln-

92 3073 286 3136 cedaemonir'
297 3072 500 3151 Ephororum,
521 3069 636 3151 Argivi
646 3073 957 3154 annisflaminiorum
973 3073 1102 3131 Iunonis
1116 3072 1200 3130 finis-

92 3159 182 3221 hant.
227 3155 408 3242 (Evolvatur
423 3158 492 3214 loco
509 3157 641 3216 omnium
663 3156 850 3236 Thucydides
870 3158 954 3216 initio
973 3157 1045 3216 libri
1060 3156 1198 3216 secundi:

91 3244 232 3322 Bellum,
257 3243 377 3314 scribit,
399 3237 624 3302 Atheniensium
643 3253 672 3302 et
691 3243 976 3322 Peloponnesiorum
996 3241 1126 3322 incepit,
1149 3239 1198 3304 inl

92 3331 252 3410 Χρυσίδος
272 3327 306 3392 ἐν
318 3324 423 3409 ’'Apyrs
440 3320 507 3389 τότε
525 3321 712 3408 πεντήκοντα
730 3329 817 3390 δυοῖν
832 3327 937 3390 δέοντο
959 3327 1009 3408 ἔτη
1027 3324 1200 3430 ἱερωμένης,
1240 3353 1245 3361 ·

91 3414 150 3478 zat
167 3415 318 3496 Αἰνησίου
332 3407 463 3493 Ἐφόρου
476 3406 667 3498 lv-aniprp„
686 3411 740 3475 nni
754 3407 948 3493 Πυθοδώρου
972 3411 1014 3475 tn
1028 3413 1086 3473 dvo
1102 3415 1201 3490 μῆνας

83 3496 254 3582 Ἀρχουτος
278 3493 472 3579 Ἀθηναίοις).
520 3497 574 3558 His
586 3498 810 3558 diversitatibus
828 3499 1055 3576 magistratuum
1074 3495 1199 3570 accedit,
1235 3552 1240 3564 ,

91 3587 182 3666 qnod
198 3587 258 3645 alii
277 3585 342 3644 alio
358 3593 488 3662 tempore
500 3605 608 3644 munus
629 3584 756 3661 inibant,
770 3604 866 3662 neque
878 3582 949 3642 anni
962 3581 1197 3660 magistratuum,

93 3671 150 3751 qui
170 3673 275 3730 eodem
294 3681 430 3748 ternpore
446 3679 545 3745 erent,
567 3670 646 3729 inter
664 3690 694 3728 se
708 3669 943 3744 conveniebant,
967 3665 1106 3746 quodque
1118 3663 1200 3744 apud

93 3755 234 3816 nationes
261 3754 379 3816 easdem
403 3756 597 3833 principium
625 3773 811 3814 summorum
835 3753 1059 3832 magistratuum
1088 3748 1199 3830 pluries

93 3843 285 3901 mutabatur.
307 3836 819 3918 ArchontesAthenismagistratum
829 3839 942 3898 inibant
951 3833 1199 3896 circumlatitium

94 3928 256 4004 aestivum
277 3923 395 4008 Ephori
418 3926 633 4003 Spartanorum
654 3934 725 4006 post
738 3925 878 3990 collectas
893 3923 992 4000 fruges
1010 3915 1199 4002 (Plutarchus

93 4011 130 4070 in
145 4011 239 4090 rigide
252 4033 279 4071 c.
297 4009 352 4088 15)
375 4027 476 4068 mense
493 4009 609 4086 Carnis,
631 4009 719 4070 cuius
734 4009 853 4068 initium
870 4029 939 4070 cum
952 4025 1053 4066 mense
1065 4004 1198 4080 Augusto

95 4098 256 4178 convenit}
282 4095 428 4158 Consules
448 4095 650 4154 Romanorum
672 4096 708 4154 ab
725 4115 804 4153 anno
818 4095 905 4154 Urbis
925 4098 987 4160 601
1003 4087 1139 4148 Calendis
1153 4087 1199 4146 ls-

90 4183 217 4244 nuariis.
238 4218 279 4230 -
302 4179 350 4242 Ab
366 4201 392 4238 a.
406 4179 442 4238 U.
457 4185 518 4246 601
536 4180 620 4239 dico:
643 4201 712 4240 nam
730 4201 757 4240 a.
775 4181 837 4246 637
854 4181 907 4239 Cn.
928 4175 1071 4235 Servilius
1091 4171 1199 4231 consul

86 4267 203 4330 Romae
221 4269 333 4330 Idibus
347 4265 463 4326 Martiis
480 4266 683 4343 magistratum
697 4265 766 4324 iniit
782 4265 896 4346 (Livius
912 4263 981 4322 libr.
996 4257 1094 4319 XXII.
1109 4252 1195 4333 e.1);

84 4363 117 4415 et
135 4377 217 4418 anno
234 4355 269 4418 U.
285 4355 351 4421 261
373 4349 544 4413 Postumius
565 4351 696 4432 Agrippa
722 4360 753 4414 et
773 4349 896 4431 Spurius
918 4343 1038 4406 Cassius
1063 4340 1199 4400 consules
