2960 4716
245 373 270 444 8
629 375 674 446 G.
700 375 741 446 G.
763 375 969 448 BREDOVll

243 537 325 598 tiuse
336 534 455 596 Eusebii
472 557 502 616 p.
517 539 548 604 9.
565 533 602 596 sb
618 555 697 596 snno
710 533 823 595 Oiluvii
843 535 882 596 sd
899 533 1034 596 abnuas
1048 553 1144 616 nsque
1157 533 1345 596 nativitatem

245 623 317 683 enni
333 626 416 688 1072
427 621 623 700 colliguntur:
635 640 708 680 mox
720 641 792 681 vero
806 630 939 702 apparet,
952 619 1108 682 librarium
1118 639 1179 682 esse
1194 621 1228 679 in
1244 621 1343 700 culpe,

245 707 300 788 qui
319 705 358 764 ed
379 707 522 765 monitum
537 705 654 785 Georgii
669 705 803 786 syncelli
817 725 974 766 numerum
991 707 1192 766 Eusebianum
1205 715 1345 766 mutave-

243 794 295 854 rit.
321 790 461 850 Pluribus
470 790 548 850 enim
557 791 633 850 locis
651 791 794 870 Georgius
808 791 841 850 iu
853 791 1014 852 Eusebium
1028 790 1153 870 invehit,
1168 791 1250 871 quod
1263 790 1354 852 inter

243 875 398 938 Diluvium
412 883 442 936 et
451 874 599 935 Abraham
613 895 706 935 annos
727 879 789 942 130
803 875 946 938 omiserit.

223 1019 227 1024 ,
328 957 408 1020 Huic
434 979 565 1020 summae
592 979 739 1020 annorum
769 961 854 1027 3184
872 960 1016 1021 Eusebius
1041 961 1075 1021 in
1097 960 1216 1020 Conone
1236 979 1344 1039 graeco
1476 1015 1477 1018 ,

243 1065 275 1127 p.
292 1047 362 1111 186.
375 1043 411 1103 sb
423 1044 542 1106 Abrshe
555 1045 593 1105 sd
610 1045 723 1106 Christi
737 1045 924 1106 nativitatem
938 1045 1023 1106 addit
1038 1067 1137 1105 annos
1152 1049 1250 1114 2015:
1272 1065 1343 1124 ergo

243 1129 282 1190 ab
293 1129 406 1189 Ademo
418 1129 457 1212 ad
468 1129 620 1191 Christum
631 1140 703 1190 sunt
715 1129 798 1196 5199
811 1135 895 1191 anni.
937 1131 1021 1190 idern
1036 1151 1179 1192 numerus
1195 1150 1345 1190 annorum

242 1216 328 1282 2⁰16
350 1215 459 1293 legitur
471 1215 505 1275 in
518 1217 656 1276 versione
672 1216 762 1274 letina
776 1215 953 1296 Hieronymi
967 1237 997 1296 p.
1012 1219 1085 1292 256,
1107 1225 1196 1296 etque
1208 1217 1239 1273 in
1252 1215 1345 1275 Tiro-

242 1298 293 1361 uis
320 1299 459 1380 Prosperi
482 1298 630 1360 Chronico
650 1321 680 1381 p.
700 1303 772 1366 288.
815 1299 897 1360 Idem
923 1301 984 1360 lere
1008 1319 1151 1360 numerus
1173 1299 1205 1358 in
1226 1299 1347 1359 Eusebii

243 1383 429 1446 Praelatione
455 1383 494 1446 sd
520 1385 632 1446 librum
656 1383 872 1446 chronicorum
899 1385 1094 1468 posteriorem
1117 1384 1267 1464 colligitur
1286 1383 1345 1444 hnc

242 1468 379 1531 ratione:

326 1552 372 1614 Ab
396 1573 475 1615 anno
496 1553 612 1616 decim
627 1553 730 1634 quinto
745 1553 855 1616 Tiberii
869 1553 1014 1634 Caesaris,
1037 1575 1097 1636 quo
1114 1553 1261 1628 Christus,

244 1637 366 1718 trigints
392 1659 486 1700 annos
508 1649 614 1718 natus,
636 1639 764 1699 docendi
783 1639 903 1699 initium
925 1640 1016 1717 fecit,
1038 1639 1077 1698 ad
1093 1639 1260 1718 Demiregis

243 1721 399 1784 Poenum
417 1743 526 1784 annum
541 1723 724 1802 secundum,
747 1745 806 1803 quo
819 1725 1038 1806 Hierosolymis
1053 1725 1197 1806 templum
1215 1725 1261 1784 in·

243 1817 409 1869 stannatum
421 1819 474 1886 est,
488 1819 569 1870 retro
587 1809 727 1887 colligens
740 1809 884 1869 Eusebius
899 1811 987 1890 ponit
1002 1829 1126 1870 sunus.
1170 1852 1178 1868 .
1221 1853 1231 1872 .
1272 1805 1346 1876 648.

327 1891 446 1954 suani
459 1915 537 1954 anno
551 1895 693 1966 secundo,
715 1893 768 1972 qui
785 1893 818 1953 in
831 1895 961 1976 primum
969 1893 1157 1974 Olympiadis
1170 1913 1260 1953 sexa·-

242 1976 368 2056 gesimae
379 1977 499 2058 quintae
511 1978 656 2054 incurrit,
679 1975 717 2037 sd
729 1977 858 2056 primam
869 1997 963 2058 usque
977 1977 1189 2057 Olympiadem
1201 1979 1221 2042 i.
1234 1997 1259 2038 e.

243 2063 282 2122 ed
299 2061 388 2122 Oaiee
402 2063 579 2124 ludaeorum
590 2063 668 2141 regis
681 2081 792 2121 sunum
808 2061 1095 2144 quinquagesimum,
1110 2081 1169 2142 quo
1184 2071 1261 2122 tem·

241 2165 317 2228 pore
327 2145 428 2206 Esaias
443 2147 558 2226 claruit,
583 2167 652 2207 ann.
702 2188 1230 2210 ...........
1272 2145 1346 2215 266.

326 2229 373 2291 Ab
401 2231 579 2312 Olympiade
603 2229 701 2312 prime
724 2229 763 2290 ed
784 2239 902 2312 ceptam
921 2249 1017 2312 usque
1036 2230 1175 2309 Troiam,
1202 2231 1259 2292 sub

243 2311 392 2374 [ebdenis
402 2315 511 2377 iudicis
518 2315 850 2398 Ebraeorumtempora‚
865 2325 979 2399 septem
993 2337 1088 2376 annos
1101 2322 1260 2397 antequem

244 2399 391 2479 Sampson
404 2391 524 2461 Ebraeis
535 2399 698 2482 imperabat
754 2443 1230 2468 ..........
1271 2403 1347 2470 408.

286 2481 331 2566 (in
348 2483 444 2544 latins
455 2486 592 2560 versione
613 2485 789 2566 Hieronymi
801 2483 847 2546 bis
860 2485 971 2565 legitur
982 2485 1070 2563 406).

324 2567 371 2638 Ab
386 2567 445 2630 hoc
458 2579 593 2650 tempore
606 2589 703 2650 usque
721 2570 760 2630 sd
771 2571 874 2630 Mosen
888 2580 919 2631 et
934 2571 1098 2652 Cecropem
1168 2612 1177 2631 .
1219 2613 1228 2631 .
1269 2569 1346 2639 829.

320 2651 352 2714 A
365 2653 447 2714 Mose
458 2663 488 2714 et
505 2655 637 2737 Cecrope
653 2653 691 2716 sd
704 2655 838 2738 primum
851 2675 946 2738 usque
961 2655 1095 2717 Abrahae
1106 2671 1218 2715 annum
1230 2663 1260 2714 et

240 2732 313 2798 Nini
328 2737 490 2820 imperium
547 2783 868 2803 .......
910 2785 921 2820 ,
964 2777 1229 2801 ......
1270 2737 1346 2804 506.

958 2851 1147 2934 colliguntur
1159 2855 1232 2916 euni
1251 2851 1347 2926 2046.

284 2919 464 3021 (secundum
477 2935 645 3001 versionem
658 2937 783 2999 lstinsm
795 2931 902 3018 2044.)

838 3021 893 3082 His
908 3019 1031 3085 detrabe
1044 3043 1139 3086 ennos
1154 3022 1266 3085 Christi
1287 3029 1341 3093 30.

692 3139 820 3203 uetuit
835 3139 872 3202 ab
888 3140 1007 3203 Abrahs
1021 3141 1060 3202 ad
1074 3139 1226 3202 Christum
1247 3145 1347 3210 2016.

282 3221 349 3306 (sut
362 3223 475 3308 2014.)

238 3323 410 3386 Lectionam
430 3335 531 3388 textus
543 3325 651 3388 Graeci
673 3347 775 3391 verens
790 3349 854 3390 ease
868 3348 991 3406 censeo,
1013 3337 1119 3408 etque,
1140 3328 1188 3388 uti
1202 3327 1346 3390 Chrono-

239 3409 300 3487 logi
319 3411 434 3490 antiqui
458 3431 546 3492 saepe
568 3413 681 3491 solent,
702 3435 766 3474 non
786 3435 879 3476 annos
895 3413 1020 3493 triginta
1035 3414 1094 3473 iam
1113 3414 1262 3494 perlectos
1278 3415 1344 3474 Eu-

239 3495 338 3555 sebius
363 3497 527 3556 detrexisse
547 3495 623 3556 mihi
644 3497 783 3581 videtur,
805 3499 856 3578 sed
871 3499 993 3579 triginta
1008 3509 1039 3559 et
1056 3518 1167 3576 unum,
1190 3519 1249 3578 quo
1263 3499 1345 3560 vitae

239 3597 319 3640 anuo
340 3578 477 3640 Christus
499 3582 605 3642 docere
627 3581 752 3664 incepit.
793 3583 906 3665 Hisque
927 3584 1069 3644 detractis
1089 3603 1232 3644 numerus
1245 3603 1342 3644 enno-

237 3681 306 3722 rum
324 3665 408 3731 2016
420 3665 506 3726 nobis
519 3675 623 3729 restet.
665 3667 788 3731 Numeri
800 3689 874 3730 vero
887 3667 1065 3752 Hieronymi
1090 3662 1141 3755 (p.
1156 3668 1198 3736 65
1214 3677 1245 3746 ,et
1259 3661 1343 3756 158)

238 3743 303 3815 406
319 3758 349 3808 et
362 3749 447 3816 2044
463 3751 632 3831 corrigendi
646 3772 708 3814 esse
722 3755 874 3816 videntur.

321 3831 357 3892 ln
373 3833 452 3894 libro
471 3836 587 3896 decim
605 3837 841 3920 Praeperstionis
863 3839 1060 3919 Evangelicsa
1075 3841 1180 3919 csp.9.
1197 3836 1343 3898 Eusebius

237 3917 432 3978 summarium
452 3928 605 4001 tamquam
628 3943 779 3986 anonam
800 3923 1084 4005 chronologieorum
1097 3923 1257 4000 exhibens,
1278 3943 1342 3982 nno

236 4019 362 4063 numero
375 3999 509 4086 'excepto
534 4025 636 4068 omnes
653 4027 793 4070 numeros
818 4010 938 4071 eosdem
962 4007 1068 4070 habet:
1091 4027 1197 4089 nempe
1219 4007 1342 4068 aTrois

237 4095 327 4166 cepte
339 4087 378 4147 sd
389 4087 491 4149 Mosen
507 4109 604 4172 usqne
623 4103 780 4176 computet
793 4113 857 4155 non
870 4087 944 4173 829,
960 4095 1013 4155 sed
1031 4113 1126 4155 anuos
1143 4092 1344 4174 quadringen-
1476 4091 1477 4100 ’

236 4177 294 4228 tos
336 4171 447 4232 Temen
467 4171 527 4234 hoe
547 4176 581 4236 in
595 4177 663 4238 loeo
684 4199 781 4259 neque
793 4197 925 4242 errorem
938 4179 1069 4240 suetoris
1083 4199 1180 4260 neque
1195 4177 1344 4238 incuriam

237 4251 355 4313 librarii
370 4256 592 4336 deprehendere
604 4261 681 4322 mihl
693 4264 808 4326 videor.
829 4264 934 4327 Annus
951 4269 1015 4332 029
1029 4263 1249 4323 accursfissime
1261 4281 1345 4323 cons

239 4346 363 4419 putatus
385 4351 430 4402 est
452 4345 494 4404 ad·
503 4345 689 4428 nativitatem
710 4349 810 4411 Musis.
853 4348 956 4425 Quum
973 4367 1046 4412 vero
1059 4349 1155 4411 Moses
1174 4356 1295 4409 centum
1312 4354 1344 4407 et
