2960 4716
255 483 256 486 Ἴ
279 371 331 444 20
663 377 706 445 G.
727 377 769 445 G.
789 376 996 448 BREDOVII

369 535 471 615 Neque
484 535 516 596 in
537 533 718 615 acquievit,
740 539 775 594 ut
797 555 836 595 ex
855 553 915 595 nno
939 535 1042 599 coelice
1059 554 1165 615 graeco
1187 535 1378 616 eaptuaginta

284 622 482 700 interpretum
504 641 644 680 numeror
661 621 826 698 collegerit:
843 641 867 698 p
870 621 952 678 lurae
975 619 1091 680 codicea
1107 623 1185 680 irater
1201 643 1232 678 ae
1253 641 1377 703 compn-

285 709 367 766 ravit
387 727 453 785 pag
474 710 525 772 88.
540 711 610 781 89,
640 725 820 784 quamquam
840 706 927 764 nobie
944 707 1042 765 ubivis
1060 725 1146 766 verae
1161 705 1302 766 lectionea
1322 725 1376 764 ee·
1478 741 1479 756 .

280 800 395 871 quotue
409 810 469 850 eaee
484 811 544 849 non
559 791 688 851 videtur.
727 791 866 870 inprimis
878 791 982 850 laudat
997 791 1143 867 codicem,
1166 791 1376 850 eCaeaarienei

283 875 486 982 Cappadociae
503 855 685 935 Bibliotheca
708 875 764 933 eibi
779 876 925 952 delatum,
948 870 1157 959 ἠκριβωμὲνον
1168 869 1246 938 κατά
1263 897 1306 936 τε
1311 893 1377 936 στι-

279 959 362 1045 γμὴν
378 961 429 1022 acl
450 960 640 1041 προσωδίαν,
669 960 924 1019 accuratissimum
942 962 1024 1040 quod
1042 962 1080 1020 ad
1099 959 1376 1039 interpunctionem

280 1055 311 1104 et
325 1055 464 1104 accentui
483 1045 628 1126 pertinet,
652 1054 680 1104 et
695 1043 908 1122 deacriptume
931 1046 1052 1122 codice,
1075 1063 1161 1124 quem
1175 1045 1336 1120 Boailr'ua,
1358 1043 1377 1107 i

279 1129 370 1212 μέγας
401 1129 454 1192 καὶ
482 1137 583 1206 θεῖος,
611 1129 750 1209 pluribus
771 1130 854 1188 libris
875 1130 953 1188 inter
977 1151 1007 1189 aa
1032 1131 1164 1206 collatis,
1193 1138 1374 1204 correxerat,

152 1258 157 1267 .
278 1235 344 1294 pag.
360 1219 432 1281 203.
445 1215 479 1274 B.
520 1213 640 1274 Exhoc
656 1214 761 1272 codice
775 1215 813 1272 ad
835 1214 877 1272 IV
890 1214 1002 1274 lrbrum
1019 1215 1130 1292 Regum
1148 1235 1211 1294 cap·
1227 1218 1266 1280 15
1282 1233 1313 1271 V·
1329 1219 1374 1278 27
1478 1275 1479 1284 .

276 1301 434 1360 lectionem
449 1299 534 1373 citat,
557 1320 646 1378 quarn
660 1301 692 1358 in
702 1299 812 1358 nostrie
824 1299 908 1358 librie
922 1300 1006 1358 editis
1018 1301 1126 1359 nullibi
1137 1299 1269 1380 reperio:
1291 1297 1376 1358 Pha·

277 1404 364 1460 caen,
384 1403 481 1461 regem
496 1384 630 1456 laraelia,
652 1395 713 1442 nort
726 1405 820 1442 annae
838 1387 965 1463 viginti,
992 1387 1045 1444 red
1062 1397 1128 1443 octo
1144 1396 1171 1442 et
1193 1387 1307 1464 viginti
1320 1403 1375 1442 re·

278 1489 389 1548 gnaaae,
407 1488 493 1546 quam
506 1469 666 1528 lectionem
681 1469 823 1545 Geor-gina
837 1470 977 1547 sequitur.
1007 1471 1107 1548 Neque
1119 1489 1277 1528 numerum
1292 1479 1376 1525 octo·
1478 1469 1479 1496 l

278 1553 392 1626 decim,
416 1573 503 1632 quem
518 1552 551 1614 lr.
567 1553 588 1611 l.
605 1553 748 1631 Georgius
764 1555 797 1612 in
813 1553 878 1612 aliie
898 1553 1115 1633 exemplaribaa
1129 1555 1274 1633 reperisse
1289 1553 1374 1628 dicit,
1478 1591 1479 1608 .

277 1638 311 1696 in
324 1639 435 1698 noetria
456 1637 636 1696 editionibus
652 1639 757 1718 reperi.
802 1639 930 1697 Maxima
950 1659 1022 1698 vero
1040 1639 1208 1698 differentia
1231 1638 1374 1697 codicum

278 1731 323 1782 eat
336 1723 368 1782 in
382 1743 460 1782 anne
469 1767 478 1798 ,
501 1743 559 1802 qno
574 1723 739 1782 Matbuaaln
756 1718 808 1784 τὸν
821 1721 948 1782 Lantech
963 1725 1108 1800 genuerit.
1153 1724 1296 1801 Georgica
1311 1743 1375 1801 po·

271 1808 325 1866 nit
352 1828 462 1867 annum
487 1809 680 1866 centecimum
704 1811 925 1886 arrogarimum
948 1809 1104 1884 septimum
1126 1809 1325 1882 blathuaalae3
1355 1825 1375 1866 e

278 1892 456 1972 quibuedam
476 1911 547 1952 vero
572 1894 648 1950 raria
670 1893 890 1971 exemplaribua
911 1887 953 1974 (p.
968 1895 1019 1956 88.
1037 1893 1082 1973 C.)
1103 1895 1194 1953 refert
1210 1893 1375 1952 Africanus
1478 1941 1479 1946 ,

276 1977 464 2036 nativitatem
486 1981 542 2039 τοῦ
555 1975 683 2036 Lamech
700 1977 738 2035 ad
752 1997 862 2034 annum
885 1977 1077 2036 centesimum
1094 1981 1306 2057 octogesimum
1323 1995 1376 2036 ae-
1478 2003 1479 2016 ι

274 2061 405 2140 ptimuua
424 2059 621 2120 Mathusalae:
644 2062 688 2120 uti
708 2061 739 2119 in
754 2062 865 2121 nostrie
881 2060 966 2120 libria
985 2063 1104 2140 optirnia
1126 2083 1187 2122 non
1205 2063 1302 2122 aolum
1321 2081 1374 2120 ee·

274 2146 430 2224 ptuaginta
444 2146 658 2225 interpretum,
684 2167 787 2205 verum
804 2147 890 2204 etiam
906 2146 939 2204 in
955 2145 1021 2226 ipso
1036 2155 1122 2205 textu
1136 2147 1280 2206 Hebraico
1297 2147 1375 2224 (Ge-

273 2249 336 2288 nea.
354 2231 387 2289 V.
410 2227 473 2308 26.)
494 2231 612 2307 legitur.
626 2263 668 2276 -
682 2230 744 2308 Ego
760 2232 879 2310 quidem
895 2231 1036 2290 Africano
1051 2233 1211 2309 nocentior-3
1233 2241 1262 2290 ct
1276 2232 1374 2290 Geor-

275 2315 342 2392 giua
364 2315 477 2388 nodos,
505 2317 613 2392 quibua
642 2334 674 2373 ae
704 2336 845 2394 auumque
869 2315 1097 2395 chronologiam
1124 2315 1372 2393 circumetriogit,

273 2419 337 2458 non
357 2399 415 2458 niai
437 2399 534 2476 gladio
556 2399 743 2479 proscindit,
766 2409 796 2459 et
818 2421 890 2459 mox
913 2400 1019 2460 dubins
1041 2400 1190 2460 haeeitana
1212 2409 1315 2458 contra
1337 2419 1373 2458 ac

272 2481 338 2561 ipre
358 2493 480 2562 pugnat.
502 2515 545 2530 -
566 2485 640 2543 Nam
657 2485 683 2543 ai
699 2485 883 2544 nativitatem
898 2489 954 2546 τοῦ
975 2485 1103 2544 Lamech
1118 2487 1156 2544 ad
1179 2503 1289 2544 annum
1300 2483 1369 2542 Ma-

272 2566 408 2628 thusalae
422 2573 483 2634 167
492 2570 589 2647 ponia
605 2570 623 2632 i.
634 2590 658 2630 e.
673 2571 837 2629 enumeris
855 2571 1040 2649 septuaginta
1048 2571 1253 2650 interpretum
1267 2569 1306 2626 ad
1314 2587 1372 2626 an

272 2671 344 2712 num
353 2655 459 2712 mundi
474 2654 565 2726 1454,
579 2673 696 2714 neceaae
708 2665 762 2730 eet,
776 2663 811 2712 ut
824 2654 971 2714 diluvium
984 2655 1022 2714 ad
1034 2675 1145 2714 annum
1156 2653 1371 2728 2242relerae,
1478 2685 1479 2700 ι

271 2737 318 2796 uti
335 2737 478 2835 Georgius
492 2739 693 2836 Eusebiuaque
707 2742 851 2800 fecerunt.
894 2737 1022 2796 Lamech
1037 2739 1115 2797 enim
1132 2741 1194 2803 188
1210 2757 1302 2796 annea
1315 2757 1372 2796 na-

270 2821 594 2898 tuagenurtNoenr.
611 2843 635 2882 e.
653 2825 851 2883 annemundi
868 2817 1268 2905 (14544188=)16423
1290 2823 1370 2882 0²²¹!

270 2905 349 2964 Nota
380 2926 459 2964 anno
482 2869 693 2966 sexientmimo
719 2907 866 2966 diluvium
891 2906 1019 2984 incapite
1050 2925 1119 2984 ergo
1146 2906 1180 2968 Δ.
1208 2907 1250 2967 bl.
1274 2908 1370 2973 2242.

270 2987 437 3048 Mathusala
462 2999 561 3048 autem
584 2990 748 3049 secundum
766 2990 928 3051 Hebraicoe
948 2991 1042 3050 libror
1067 3011 1102 3049 ac
1117 2991 1255 3051 *Graecos
1276 3001 1370 3071 atque

269 3073 393 3133 Latinos
414 3093 560 3134 summam
578 3074 657 3134 inter
670 3076 809 3134 mortales
824 3085 1004 3135 senectutem
1023 3085 1213 3154 aaaequutua,
1237 3085 1267 3136 et
1285 3095 1368 3136 anno

268 3157 350 3218 vitae
376 3164 438 3225 969
457 3167 592 3218 mortuae
613 3167 667 3221 eet.
709 3159 762 3218 Hie
782 3160 867 3218 annia
887 3165 948 3226 969
973 3162 1136 3220 adannnm
1151 3161 1367 3238 mundi1287,
1478 3215 1479 3222 ,

270 3263 331 3322 quc
338 3241 503 3303 Mathuaala
513 3243 649 3302 omnihna
658 3243 744 3304 libria
756 3245 867 3321 graecia
878 3245 1132 3304 consentientibua
1147 3253 1296 3322 natusest,
1310 3247 1368 3303 ad-

269 3327 351 3404 ditia,
361 3327 512 3406 colligitur
524 3349 619 3387 annua
628 3327 840 3394 mundi2256:
856 3347 924 3405 ergo
933 3349 1051 3389 neceaae
1061 3331 1147 3406 soret,
1156 3341 1191 3388 ut
1200 3327 1366 3390 Mathusala

268 3424 340 3492 poat
352 3412 500 3474 diluvium
516 3413 649 3473 vixiaaet.
692 3413 781 3488 Quod
794 3435 864 3474 vero
881 3433 971 3492 quum
984 3415 1063 3473 omni
1078 3416 1254 3475 auctoritate
1269 3425 1363 3492 caret,

268 3496 405 3576 accipere
423 3497 582 3557 nonlicet.
604 3529 646 3544 —
666 3499 764 3558 Locua
785 3499 903 3576 Georgii
925 3507 991 3576 pag.
1013 3505 1063 3564 20.
1087 3501 1120 3560 C.
1141 3501 1173 3557 l).
1192 3519 1209 3558 a
1231 3497 1365 3560 librariis

269 3590 432 3660 corruptus
446 3593 506 3641 eet:
527 3592 656 3641 attamen
671 3583 757 3643 etiam
760 3604 860 3663 ,quea
874 3583 1035 3642 clarieeime
1049 3585 1166 3682 Georgii
1177 3584 1266 3643 verba
1279 3595 1364 3662 aunt,

266 3665 348 3724 inter
362 3685 394 3724 ee
412 3685 473 3726 non
493 3667 681 3726 concilianda
698 3689 760 3728 eaeo
776 3669 927 3728 videntur.
971 3669 1041 3726 Sine
1061 3689 1143 3728 omni
1135 3669 1250 3728 dubio
1270 3629 1365 3728 verbai

268 3749 460 3826 exciderunt,
483 3753 613 3811 eiuadem
627 3755 688 3812 lere
703 3773 823 3828 samua,
846 3771 904 3832 quo
919 3753 1010 3810 verba
1022 3773 1086 3832 pag
1113 3753 1183 3819 114.
1207 3753 1242 3815 Δ.
1261 3753 1293 3812 Β.
1314 3753 1364 3814 le—

266 3843 394 3912 guntur:
415 3831 1019 3945 ὈδὲΕιῖσὲβιοςπερὶτοιῖΜιιθουσᾶλα
1034 3836 1138 3916 φησὶν,
1161 3833 1297 3942 ὅτιψπβ
1311 3837 1364 3920 ἔτη
1478 3887 1479 3910 .

164 3951 166 3956 ’
265 3917 404 4000 enutriam
416 3917 533 4000 petel
502 3925 688 4004 caperonem
700 3919 750 3986 τᾶν
742 3920 920 4025 Λαμὲχ,’
895 3945 936 3996 ως
947 3920 999 3984 nol
1012 3921 1045 3985 ἐν
1059 3916 1186 3996 ἐνίοις’
1161 3915 1364 4025 onraypeipoec

265 4003 363 4082 ἐστὶν,
385 4004 435 4068 nel
452 4005 632 4085 τεθνηκέναι
653 4001 750 4085 ἔτη’
727 4031 745 4078 ς
771 4003 830 4088 πρὸ
843 4031 896 4070 του
886 4011 1131 4085 κατακλυσμοῦ.
1160 4001 1233 4086 ὅπερ
1246 4001 1302 4070 ἐάν
1315 4031 1361 4081 τις
1478 4007 1479 4024 ’

265 4051 378 4170 ἀληθές
394 4085 471 4152 εἶναι
483 4091 527 4152 eloi
541 4113 569 4152 κ.
582 4113 607 4152 τ.
620 4095 647 4154 l..
673 4091 760 4151 Hanc
773 4091 948 4151 sententiam
962 4111 1030 4170 pag.
1047 4093 1118 4157 114.
1134 4111 1251 4170 quoque
1265 4092 1363 4152 Geor-

333 4235 381 4289 per
391 4221 537 4276 unirer-auur
550 4222 635 4275 orbem
650 4225 776 4276 terraram
794 4240 908 4292 arpenne
921 4223 1041 4276 Eccleaia
1052 4223 1200 4278 Christiana
1214 4241 1270 4278 eam
1281 4225 1362 4280 nolam
1478 4207 1479 4258 l

333 4297 464 4372 acceptam
477 4291 572 4353 habet,
589 4307 671 4373 eaque
683 4291 772 4345 utendi
784 4309 877 4347 morem
891 4291 1001 4386 apaetuli
1008 4292 1152 4348 summm
1162 4293 1243 4348 ucatai
1257 4311 1362 4349 aarum·

330 4372 383 4426 qua
396 4357 535 4428 diacipuli
526 4375 607 4422 rame
621 4359 752 4432 principio
761 4359 951 4416 &affidoeuuff
