2960 4716
260 362 311 434 80
687 363 730 434 G.
751 363 794 435 G.
814 363 1022 436 uuuuovu

302 522 622 592 manducassemus
680 567 945 589 ······
1006 521 1093 590 4888
1114 553 1155 570 -
1174 521 1268 591 4847.

304 611 484 674 Giniladalus
502 631 569 674 sun.
585 611 626 678 14
681 651 945 674 ......
1007 609 1093 676 4847
1112 632 1165 654 -’
1177 611 1269 674 4861.

305 697 553 777 Nabopalassanss
566 717 634 758 ann.
648 699 689 762 21
732 736 945 756 .....
1006 693 1090 760 4861
1110 726 1156 741 -
1178 696 1270 759 4882.
1475 755 1476 764 ,

258 783 492 864 Nabopalassaro
508 780 737 842 successitfilius
751 777 1027 839 Nabuchodonosor
1038 780 1073 838 A.
1087 779 1126 838 Μ.
1141 780 1234 852 4882,
1250 779 1283 837 ui
1296 779 1360 838 lal-

260 871 327 946 lor,
349 877 495 942 exeunte,
516 867 559 926 ita
574 875 611 924 ut
624 885 673 924 res
687 865 722 926 Δ.
738 865 779 924 Μ.
802 867 897 930 4883.
913 862 949 922 ab
969 883 1003 923 eo
1024 873 1137 942 gestae,
1164 865 1297 922 maximo
1318 881 1359 922 ex

261 963 347 1038 parte
360 973 438 1012 anno
454 951 552 1032 primo
566 950 650 1030 regni
662 951 711 1009 sui
724 949 818 1010 tribui
830 957 960 1030 possent.

348 1037 448 1111 Quum
468 1057 536 1116 ergo
559 1033 606 1094 his
627 1035 732 1116 positis
751 1034 850 1094 omnia
865 1035 944 1093 inter
966 1052 998 1092 se
1013 1031 1221 1110 consentiunt,
1243 1053 1362 1112 nequa-
1475 1051 1476 1056 ¹

263 1143 352 1206 quam
366 1121 483 1198 dubito,
504 1121 576 1201 quin
589 1122 715 1190 numeri,
739 1119 789 1200 qui
803 1119 837 1178 in
849 1117 1092 1199 Chronographia
1108 1119 1274 1198 Georgium
1287 1117 1363 1178 huic

263 1207 480 1288 computationi
501 1227 564 1266 nou
587 1205 783 1281 conveniant,
804 1203 938 1264 mutendi
952 1204 1030 1281 sint,
1052 1205 1172 1284 fereque
1186 1224 1363 1285 persuasum

262 1292 368 1370 habeo,
389 1291 517 1353 scribam
530 1291 675 1370 aliquem,
698 1289 796 1370 quiin
812 1289 943 1348 numu‘is
956 1290 1165 1368 computandis
1183 1289 1239 1349 sibi
1253 1298 1363 1349 acutus

263 1379 432 1458 videbatur,
444 1376 498 1436 has
512 1376 740 1456 depravationes
752 1374 879 1452 Georgia
896 1374 1066 1438 obtrusisse.
1087 1373 1123 1433 ln
1136 1395 1250 1434 canone
1265 1373 1362 1434 chro-

260 1463 420 1542 nologico,
441 1481 530 1542 quem
546 1461 657 1538 adieci,
677 1480 756 1520 meas
771 1459 971 1520 correctiones
985 1467 1131 1536 sequutus
1145 1479 1226 1537 sum,
1249 1469 1279 1519 et
1293 1479 1365 1518 ma·-

261 1567 337 1626 gnae
363 1546 436 1608 mihi
455 1545 586 1608 laetitiae
603 1545 676 1625 erit,
704 1544 802 1606 doctis
822 1543 985 1628 placuisses
1005 1543 1138 1606 laborem
1160 1544 1256 1626 ipsura
1275 1541 1365 1605 haud

260 1633 371 1694 laetum
386 1631 579 1693 laudaverim.

345 1717 448 1780 Multis
469 1717 589 1796 quidem
610 1713 684 1776 locis
700 1713 846 1795 Georgius
865 1713 984 1774 unicam
998 1714 1178 1794 scripturam
1200 1715 1289 1774 eDeo
1306 1714 1366 1774 in-

261 1803 402 1885 spiratam
419 1801 452 1862 in
471 1802 597 1862 historia
616 1799 853 1862 Paniarcharum
873 1809 962 1879 etque
976 1799 1176 1860 Israelitarum
1191 1801 1274 1880 sequi
1287 1820 1366 1859 con.

261 1889 375 1965 tendit,
396 1887 535 1967 interque
548 1885 726 1964 insigniores
741 1885 908 1946 Historicos
922 1903 972 1944 eos
985 1893 1104 1945 tantum
1112 1929 1121 1961 ,
1144 1905 1271 1966 quorum
1289 1905 1366 1945 nar-

260 1973 390 2036 rationes
414 1972 535 2053 scriptis
554 1971 671 2031 biblicis
696 1989 842 2030 consonae
857 1971 934 2030 sint:
955 1987 1042 2050 saepe
1060 1979 1160 2030 umen
1177 1980 1207 2031 et
1222 1991 1365 2030 numeros

261 2069 293 2120 et
314 2079 362 2119 res
376 2067 502 2137 gestsse
521 2057 609 2115 libris
626 2056 806 2136 apocryphis
818 2055 938 2131 inserit,
964 2075 1090 2134 quarum
1100 2075 1276 2116 consensum
1292 2075 1364 2116 cum

262 2142 384 2222 scriptis
402 2141 520 2202 biblicis
542 2161 595 2220 ego
621 2141 739 2220 quidem
764 2159 827 2200 non
850 2139 951 2200 ubivis
975 2140 1079 2219 videm
1106 2141 1165 2222 ipsi
1189 2161 1262 2200 vero
1284 2161 1364 2200 con-

262 2227 422 2289 sentientes
447 2226 528 2286 visas
555 2245 632 2302 esse,
660 2245 754 2306 paene
786 2223 972 2285 crediderim.
1015 2225 1091 2286 Nam
1117 2227 1365 2306 interpretatores

262 2312 392 2386 Iudaici,
423 2311 475 2390 qui
498 2331 616 2370 omnem
633 2309 802 2370 doctrinam
826 2309 964 2370 inlibris
986 2310 1104 2370 biblicis
1126 2311 1252 2392 reperiri
1274 2331 1365 2391 posse

259 2405 441 2478 posuerant,
463 2415 525 2456 nou
539 2395 637 2456 solum
654 2395 815 2455 verborum
829 2403 1002 2455 contextum
1015 2395 1048 2455 in
1060 2415 1162 2455 omnes
1177 2395 1281 2456 modos
1295 2396 1365 2454 dis-

260 2489 437 2556 traxerunt,
460 2489 497 2540 ut
512 2501 649 2557 sensum,
671 2501 760 2560 quem
771 2481 893 2556 vellent,
914 2481 1129 2561 exprimerent,
1151 2481 1366 2540 verumetiam

260 2565 377 2644 singula
389 2565 480 2627 verba
492 2575 646 2646 praeteret
658 2577 762 2625 contra
777 2575 950 2626 contextum
965 2573 1142 2640 exararunt,
1156 2573 1242 2644 atque
1257 2563 1289 2622 iu
1304 2565 1367 2624 mi-

260 2651 429 2712 notissimas
437 2661 536 2731 partes
547 2651 740 2728 dissecarunt,
750 2659 785 2710 ut
795 2669 832 2710 ex
847 2671 907 2710 uno
921 2651 1014 2711 verbo
1024 2653 1072 2711 vel
1081 2671 1140 2710 una
1148 2649 1280 2708 litterula
1293 2650 1367 2710 lon-

260 2736 373 2815 giorem
392 2738 542 2797 interdum
556 2735 711 2796 historiam
728 2745 950 2815 extorquerent.
991 2735 1117 2796 Talmud
1133 2745 1178 2794 est
1192 2735 1298 2814 plenus
1313 2745 1367 2794 ta-

261 2821 335 2881 lium
351 2821 546 2882 ridicularum
564 2821 855 2901 interpretationum,
871 2841 945 2900 quse
957 2821 1097 2879 sludaeis
1110 2839 1173 2878 non
1192 2827 1365 2879 contemne·

262 2905 390 2981 bantur;
404 2905 495 2964 immo
518 2916 662 2986 tanquam
676 2916 778 2966 sancta
792 2905 990 2965 additamenta
1007 2905 1045 2964 ad
1060 2905 1153 2982 legem
1168 2904 1299 2964 divinans
1315 2906 1368 2986 pie
1475 2941 1476 2946 κ

263 2989 447 3053 colebantur.
497 2989 584 3049 lianc
599 2990 689 3049 tidem
710 2989 991 3070 interpretationum
1014 2988 1257 3050 Talmudicarum
1274 2990 1367 3051 Chri-

265 3075 354 3136 stiani
370 3093 438 3134 cum
454 3073 575 3151 scriptis
589 3074 702 3136 Veteris
710 3074 891 3135 Testamenti
908 3075 1047 3135 aludaeis
1064 3085 1251 3156 acceperant,
1267 3095 1367 3155 neque

265 3179 325 3220 sea
342 3161 456 3220 ludaeis
470 3159 601 3240 relinqui
612 3163 768 3240 patientes,
790 3160 953 3220 secundum
966 3161 1097 3220 eamdem
1110 3161 1256 3220 rationem
1271 3181 1368 3220 novas
1475 3185 1476 3210 1

237 3305 243 3313 ,
264 3245 525 3327 interpretationes
553 3255 755 3310 tentaverunt.
809 3246 911 3306 Unum
932 3247 1104 3328 exemplum
1123 3245 1280 3324 eGeorgio
1297 3247 1368 3305 suf·
1475 3283 1476 3292 a

264 3329 349 3390 ficiat
364 3351 427 3410 pag.
442 3335 494 3396 93·
509 3329 559 3397 94·
576 3331 627 3398 95.

330 3415 366 3473 ln
377 3415 971 3496 Genesicep.11.verc31et321egitur:
981 3413 1368 3492 „Tharaetfiliusllbraam
1475 3485 1476 3488 Ἴ

264 3499 392 3580 profecti
415 3510 485 3559 sunt
513 3499 550 3560 de
576 3501 620 3560 Ur
637 3499 868 3577 Chaldaeorum,
889 3510 925 3561 ut
945 3502 1027 3562 irent
1046 3503 1078 3562 in
1098 3498 1208 3561 terram
1230 3500 1368 3560 Canaan:

264 3593 472 3664 veneruntque
487 3605 582 3664 usque
592 3585 692 3647 Harsa
704 3585 806 3666 ibique
818 3583 1000 3647 habitarunt.
1036 3587 1075 3646 Et
1085 3586 1156 3645 anni
1167 3583 1280 3646 Therae
1293 3587 1369 3644 facti

265 3677 338 3729 suut
352 3669 473 3730 ducenti
488 3671 629 3751 quinque,
651 3681 682 3732 et
694 3679 829 3732 mortuus
845 3672 933 3732 estin
946 3671 1074 3733 tiaran?
1089 3705 1130 3720 ·-
1145 3670 1219 3731 Dein
1236 3691 1300 3752 cap.
1315 3675 1369 3740 12.

264 3755 391 3820 verul:
420 3755 577 3832 „Abraaur
608 3765 670 3818 erat
699 3757 891 3837 septuaginta
922 3757 1054 3836 quinque
1078 3775 1244 3833 annorum,
1272 3774 1370 3834 quum

264 3840 454 3918 egrederetur
476 3840 514 3901 de
538 3841 655 3919 Harau,
680 3849 714 3901 ut
740 3841 774 3900 in
796 3843 914 3900 Ceuaan
937 3841 1083 3903 veniret.‘'
1107 3871 1153 3888 -
1183 3841 1237 3901 sin
1266 3847 1369 3900 eutem

262 3923 393 3986 Abs-asra
407 3945 486 3985 auno
500 3926 542 3992 75
557 3927 660 3986 aetatis
673 3945 743 3987 suae
757 3925 792 3985 in
803 3927 921 3985 Canaan
936 3927 1087 4008 profectus
1102 3935 1155 4002 est,
1169 3936 1254 4008 pater
1268 3923 1371 3986 Thera
1475 3921 1476 3934 ¹

266 4009 367 4072 adhuc
380 4012 460 4072 inter
473 4011 561 4072 viros
576 4021 654 4089 erat;
668 4031 738 4072 nam
749 4011 915 4071 secundum
929 4011 1033 4073 Genes.
1045 4015 1093 4078 11.
1106 4029 1183 4074 vers.
1192 4017 1242 4077 26.
1258 4008 1370 4088 Thera,
1475 4051 1476 4072 ,

266 4099 310 4160 70
320 4117 413 4157 anuos
430 4103 530 4176 natus,
545 4097 671 4158 Abraam
685 4095 804 4174 genuit:
826 4114 894 4175 ergo
908 4117 986 4157 anuo
997 4096 1099 4156 aetatis
1115 4095 1174 4162 146
1188 4103 1260 4173 erat,
1273 4113 1370 4174 quum

265 4177 394 4242 Abraanr
414 4181 447 4242 iu
471 4181 590 4241 Quaen
610 4182 761 4242 transiret.
781 4211 826 4228 ι-
846 4181 886 4241 tt
909 4181 944 4241 in
958 4182 1042 4243 dctis
1064 4182 1275 4261 Apostolorum
1294 4185 1324 4245 7.
1337 4199 1369 4242 v.
1475 4197 1476 4200 ’

266 4265 366 4331 2-1
382 4267 477 4326 Lucas
495 4265 679 4346 Stephanum
692 4266 841 4326 dicentem
855 4265 941 4325 fecit:
963 4265 1081 4344 „Thura
1096 4265 1242 4326 habitarit
1255 4265 1287 4323 in
1301 4264 1370 4344 ln-
1475 4291 1476 4346 r

266 4369 333 4424 rso,
353 4350 387 4409 iu
399 4355 479 4411 terra
493 4349 718 4413 Chaldaeorum.
760 4351 919 4431 Postquam
933 4371 1005 4416 vero
1018 4351 1115 4412 Thera
1130 4359 1266 4412 mortuus
1279 4359 1369 4428 esset,
1475 4385 1476 4428 3
