2960 4716
504 327 800 402 utssuttrarto.
1150 329 1199 402 49

91 489 131 550 de
148 487 299 548 salvatore
318 495 392 548 sets
405 496 511 563 erant,
531 497 562 548 et
579 485 617 550 de
633 487 769 562 doctrine
787 487 1093 574 enmusmmmtt),
1116 515 1199 558 amo·

91 595 151 636 rem
169 571 244 632 fidei
266 573 407 653 aliquem
428 575 461 633 in
483 574 602 634 Caesare
622 577 782 654 excitasse,
812 578 1021 658 Tiberiumque
1037 579 1073 638 de
1092 579 1152 640 lide
1166 581 1200 642 in

91 657 244 720 cerinum
265 655 414 718 habenda
437 659 477 718 ad
497 660 636 718 Senatum
658 663 805 724 retulisse.
856 663 957 736 Quum
978 683 1048 724 vero
1073 666 1199 726 Senatus

87 765 149 808 rem
163 764 231 804 non
246 743 447 822 probaverit,
469 743 542 822 quin
557 743 618 802 imo
632 746 788 807 stultitiam
810 749 1002 826 praeconium
1019 750 1114 808 crucis
1137 771 1200 810 esse

87 831 256 890 arbitratus
273 829 332 903 sit,
354 829 454 907 ipsam
468 825 702 890 Christianorum
717 843 944 912 persequutores
957 843 1052 892 morte
1065 834 1198 914 plecten-

88 916 143 976 dos
157 934 224 974 esee
238 913 422 972 sententiam
437 913 517 972 tulit.
538 945 580 960 -
601 914 869 978 Auctorem-huius
890 917 1060 978 traditionis
1083 921 1197 978 Tertul-

89 1001 217 1060 litmaem
236 998 387 1076 Georgius
402 1007 508 1072 vocet,
529 1019 597 1058 nam
612 999 787 1060 Tertulliani
805 1002 947 1082 Apologia
963 1004 1054 1062 latine
1077 1005 1196 1084 quidem

92 1085 266 1164 conscripta
273 1127 284 1160 ,
317 1093 420 1162 poetes
437 1081 470 1142 in
486 1083 629 1142 Graecum
655 1105 819 1145 sermonem
839 1087 980 1146 translate
998 1095 1071 1148 erat.
1113 1091 1197 1148 Aen-

91 1191 165 1230 men
185 1170 284 1250 ipsam
300 1166 479 1226 Tertulliani
501 1167 671 1248 Apologiam
694 1171 837 1248 Georgius
859 1171 962 1250 legisse
982 1192 1042 1230 non
1059 1171 1195 1232 videtur:

93 1255 220 1330 omnie,
243 1271 319 1332 quse
333 1261 365 1312 et
386 1250 534 1312 hocloco
556 1261 585 1312 et
602 1273 668 1332 pag.
683 1255 756 1320 840.
781 1256 812 1320 C.
834 1256 887 1333 D.,
908 1259 981 1322 841.
999 1257 1034 1316 A.
1049 1257 1100 1332 B„
1123 1259 1195 1324 346.

92 1341 149 1415 Ι).,
173 1340 249 1404 347.
272 1340 306 1396 tt.
326 1357 342 1396 e
360 1336 543 1396 Tertulliano
561 1338 678 1408 laudat,
701 1341 876 1422 desumpsit,
898 1341 942 1400 uti
961 1341 1195 1402 luculentissime

96 1432 233 1504 apparet
252 1443 290 1482 ex
304 1421 421 1480 Eusebii
441 1419 566 1482 historia
584 1422 796 1501 ecclesiastiea,
824 1425 875 1504 qui
892 1424 970 1485 libro
990 1425 1027 1486 ll.
1046 1433 1156 1506 cep.2.
1178 1445 1195 1486 e

104 1509 295 1568 Tertulliano
310 1505 420 1566 Tiberii
434 1506 608 1566 relationem
626 1507 663 1565 de
678 1506 794 1567 Christo
807 1511 844 1568 ad
859 1511 997 1569 Senatum
1012 1511 1121 1586 resert3
1142 1509 1195 1589 qui

93 1595 167 1654 libr.
182 1593 221 1652 11.
242 1613 308 1672 cap.
327 1591 380 1658 25.
396 1589 522 1650 Neronis
538 1589 798 1670 persequutionem
821 1592 1054 1654 Christianorum
1070 1605 1099 1656 ct
1115 1595 1192 1654 Petri

93 1679 245 1757 Paulique
261 1677 440 1755 martyrium
456 1696 510 1756 pro
523 1675 666 1754 religione
681 1677 830 1738 sublatum
843 1701 858 1734 e
880 1679 1065 1739 Tlrtullicsno
1077 1679 1192 1740 descri-

92 1765 155 1840 bit3
178 1763 233 1842 qui
247 1761 328 1823 libro
344 1760 398 1822 lll.
421 1781 485 1839 cap.
502 1763 553 1826 33.
567 1785 583 1818 e
603 1761 786 1821 Tertulliano
808 1771 923 1834 narret,
952 1763 1110 1822 Traianum
1128 1765 1192 1824 l‘li-

93 1851 151 1908 nio
185 1847 318 1908 seeundo
345 1845 382 1905 de
408 1844 580 1904 Christianis
606 1847 749 1906 scematis
771 1847 971 1927 rescripsisset
1000 1847 1193 1926 inquirendos

95 1933 224 2013 quidem
239 1952 302 1990 nun
316 1949 399 2004 esse,
420 1930 535 1988 oblatos
554 1951 623 1989 vero
642 1931 744 2010 puniri
758 1942 902 2010 oportere.
925 1961 966 1980 -
986 1929 1026 1990 Hi
1041 1941 1071 1990 et
1084 1931 1193 1992 similes

93 2019 162 2079 loci
183 2017 331 2096 Scaligero
351 2014 460 2074 iustam
475 2014 649 2074 obtulerunt
668 2035 800 2090 caueam,
823 2025 859 2074 ut
880 2015 1039 2094 Georgium
1055 2025 1192 2076 nostrum

94 2103 222 2164 iniuriae
242 2121 312 2178 erga
326 2094 488 2158 Eusebium
510 2109 675 2174 accusaret,
705 2099 754 2178 qui
773 2121 811 2160 ex
831 2099 956 2160 Eusebio
977 2119 1030 2158 sua
1053 2097 1191 2160 baeu-iens

94 2209 205 2249 numen
219 2183 354 2246 auctoris
370 2183 882 2246 dissimulaverit.-Tertullianum
895 2201 966 2246 vero
982 2183 1015 2244 in
1022 2185 1191 2246 narratione

98 2275 135 2334 te
149 2273 259 2333 Tiberii
278 2269 427 2330 relatione
443 2269 482 2328 ad
496 2272 634 2328 Senatum
651 2271 808 2348 deceptum
823 2291 884 2330 esse
893 2318 903 2346 ,
925 2271 1117 2349 Tanaquillue
1133 2271 1190 2328 Fa-

97 2359 150 2418 ber
167 2369 249 2418 tomo
265 2355 304 2414 11.
325 2354 409 2432 epist.
428 2359 477 2420 12.
495 2354 600 2414 validie
616 2355 794 2432 argumentis
816 2355 1031 2414 demonstrasse
1053 2353 1127 2414 mibi
1142 2355 1191 2416 vi-

3 2453 6 2502 }
97 2445 195 2504 detur:
217 2451 284 2501 tota
301 2440 381 2498 enim
396 2437 527 2498 narratio
543 2459 559 2498 e
577 2439 654 2498 libro
670 2439 843 2518 supposito,
864 2441 938 2498 actis
963 2439 1050 2498 Pilati
1065 2438 1190 2514 seilicet,

96 2529 203 2588 bansta
217 2536 279 2601 est3
302 2523 440 2584 Tiberius
454 2523 593 2584 Suetonio
608 2533 680 2584 teate
693 2525 773 2582 cirea
787 2525 862 2584 lleos
877 2545 912 2582 sc
925 2523 1082 2600 religiones
1095 2523 1190 2600 negli-

99 2613 215 2692 gentior
230 2612 306 2686 iuit3
328 2611 455 2668 Senatus
473 2609 621 2666 Romanus
636 2607 690 2668 sub
707 2607 824 2670 Tiberio
842 2607 879 2666 ad
899 2607 1071 2668 vilissimam
1084 2606 1192 2666 adula-

100 2699 216 2758 tionem
227 2696 400 2775 prolapsus,
422 2713 460 2754 ne
472 2691 585 2752 bisoere
595 2693 714 2770 quidem
731 2701 834 2752 contra
848 2693 1012 2771 principem
1027 2711 1116 2750 ausus
1128 2701 1190 2766 est;

100 2781 235 2842 Tiberius
246 2779 378 2840 infensus
391 2775 494 2858 potius
507 2777 566 2836 fuit
586 2786 620 2834 ut
638 2777 747 2836 Iudaeo
753 2823 762 2852 ,
784 2776 825 2834 ita
844 2785 873 2834 et
889 2775 1056 2834 Christiano
1069 2775 1190 2851 nomini,
1209 2831 1214 2838 ,

99 2871 218 2928 Sueten.
239 2865 276 2926 iu
296 2865 360 2924 rita
379 2862 491 2922 Tiberii
515 2881 580 2940 cap.
596 2864 655 2935 363
679 2869 743 2920 eta
764 2857 963 2938 Chronologia
982 2866 1080 2938 petet,
1102 2857 1192 2920 Chri-

98 2955 225 3014 stianum
238 2969 348 3010 nomen
364 2947 478 3008 Tiberii
493 2956 625 3026 tempore
640 2947 750 3004 Romae
763 2943 817 3006 vix
832 2953 937 3002 notum
953 2943 1051 3004 fuisse.
1095 2943 1192 3004 Geor·

100 3041 163 3118 gius
177 3047 286 3111 noster,
295 3031 513 3112 disquisitionis
526 3029 706 3090 traditorum
715 3029 895 3104 incuriosus,
908 3027 1017 3107 repetit
1030 3027 1108 3088 boue
1120 3029 1191 3102 lide,

102 3123 267 3202 quse'spud
284 3129 441 3180 auctorem
462 3115 533 3174 satis
555 3114 697 3196 probatae
711 3113 916 3190 auctoritatis,
933 3113 967 3172 in
982 3111 1088 3192 primis
1109 3111 1194 3190 apud

8 3269 9 3278 ,
100 3219 213 3290 petrem
231 3205 376 3268 eeclesiae
391 3204 512 3280 legerat.

134 3376 181 3444 ὓ)
194 3373 314 3444 legitur:
333 3367 351 3428 t
367 3361 403 3426 δ’
417 3363 504 3428 odric
517 3361 638 3428 Hstdtoc
655 3365 772 3438 Τιβερίῳ
791 3357 828 3420 sd
844 3360 915 3420 eusci
931 3357 982 3418 τὸν
1000 3335 1110 3431 ederint
1121 3352 1192 3416 deu«

164 3445 250 3518 meir
262 3443 311 3501 set
324 3441 383 3498 rosi
396 3439 572 3508 quoeeuvoit
587 3437 732 3507 δόγματος.
765 3435 854 3490 lneero
872 3431 919 3490 seul
934 3429 1017 3504 περὶ
1032 3433 1084 3490 τοῦ
1097 3433 1147 3504 Xq·
1164 3429 1192 3491 d«,
