2860 4714
401 383 461 454 ET
482 383 834 456 ANNOTATIONES.
1090 383 1167 460 889

66 537 197 601 inimise
227 557 292 599 non
311 536 472 600 Eusebium
493 541 573 602 enim
595 541 683 604 modo
708 565 774 626 pag.
792 549 844 614 69.
863 545 916 607 sed
936 555 967 610 et
990 545 1166 614 Africanum

63 647 135 706 pag.
152 645 216 704 aeq.
231 623 267 686 B.
281 633 312 684 et
325 627 376 690 70.
393 624 431 687 A.
446 624 484 686 de
502 626 604 686 Amosi
617 629 772 711 ecripsiase
788 631 931 710 Georgius
950 631 1015 714 ipse
1029 644 1164 698 testatur.

60 709 149 854 mc.
166 729 262 790 porro
284 709 419 770 Africani
431 709 557 772 totidem
577 713 678 773 verbis
698 723 818 777 mareu
835 728 1037 798 repraesentet
1053 721 1165 784 lterum

150 815 187 852 or
203 813 271 874 pag.
287 797 338 860 69.

148 877 204 952 Ὡς
215 876 304 958 ἡμεῖς
317 872 577 963 testamentoriae]
598 881 680 942 Haec
695 882 829 944 Africani
843 883 943 948 verba.

147 963 205 1036 Ὡς
219 957 253 1024 d'
269 959 443 1045 sinepoeioo
461 965 593 1048 Ψῆφος]
623 968 696 1027 Cum
712 967 777 1028 istis
796 969 912 1029 Amosia
931 971 1018 1034 aunis
1037 994 1162 1057 compe·

59 1048 160 1109 tanda
176 1047 292 1128 Moyeia
307 1049 448 1110 iuvenilis
464 1061 542 1110 aetna
556 1053 589 1110 in
604 1053 714 1112 tabulis
733 1051 964 1132 chronologicis.

146 1126 406 1214 Ὦιτωιιαιδιιιᾶιη
421 1134 599 1216 devenerim]
613 1137 743 1215 Scaliger
755 1137 789 1198 in
802 1137 875 1198 inec
886 1129 1023 1202 Animad.
1034 1161 1100 1221 pag.
1110 1145 1162 1212 25.

61 1219 157 1277 Recte
169 1215 297 1298 quidem
312 1221 345 1276 in
361 1218 419 1278 lece
432 1221 599 1280 Euaebinns
612 1221 800 1300 reprehendit
822 1224 976 1303 Georgiue.
1018 1227 1057 1285 Et
1073 1226 1161 1288 inlrs.

58 1303 152 1361 Hanc
165 1301 276 1362 etenim
290 1303 464 1382 Dynaatiam
483 1306 610 1386 peaaimo
631 1309 785 1390 exemplo,
806 1327 901 1388 neque
920 1309 1067 1388 religiosis
1083 1311 1163 1372 acri·

57 1387 205 1466 ptoribue
218 1387 363 1448 irritando
379 1389 556 1450 deformavit
573 1391 712 1453 Emebiue
721 1437 731 1470 ,
751 1403 788 1454 ut
800 1413 866 1454 eam
886 1393 1041 1474 Manetho,
1064 1395 1093 1456 si
1109 1417 1161 1458 re-

58 1473 211 1547 viviscat,
230 1493 294 1532 non
312 1474 408 1552 possit
421 1495 589 1554 agnoscere.

149 1551 324 1622 Keinrneille
338 1553 403 1622 'laio
422 1561 553 1641 βασιλεῖς
575 1558 595 1624 ὅ
615 1553 765 1640 Εὐσέβιος
784 1561 1000 1646 neclegentem]
1031 1563 1160 1644 Frivole,

58 1650 95 1700 ut
124 1642 248 1720 quidem
267 1641 403 1720 videtur,
433 1645 595 1724 Georgium
625 1654 763 1705 nostrum
789 1645 908 1727 impetit
930 1647 1061 1726 Scaliger
1086 1649 1158 1712 Not.

58 1745 131 1806 psg.
148 1730 201 1792 81.
224 1727 291 1806 Ipee
304 1748 423 1808 quoque
439 1713 602 1810 Geo‘rgiue,
623 1727 697 1788 dum
712 1731 880 1790 Eusebium
895 1734 1079 1811 isseectatnr,
1096 1737 1172 1793 irn-¹

53 1807 201 1888 prudene
212 1811 431 1891 reprehensioni
442 1835 474 1872 ee
486 1837 517 1872 ee
530 1815 634 1874 obiicit
647 1815 772 1894 quusne
784 1814 821 1876 de
836 1821 884 1882 18.
902 1815 1063 1897 Dynamio,
1082 1815 1158 1877 dicit

58 1896 236 1954 Eusebium
250 1894 326 1956 duce
341 1919 423 1976 regen
443 1921 478 1957 ee
490 1897 551 1958 Aac
557 1901 714 1970 Drrsnetia
728 1901 901 1964 sustulisse.
918 1903 1092 1980 Africanus
1107 1908 1157 1970 16.

56 1991 196 2038 recenset
218 1979 295 2060 (pag.
306 1981 448 2042 nimirum
461 1989 514 2050 72.
529 1981 575 2065 li.)
597 1983 722 2042 totidem
738 1985 893 2045 Eneebiree
911 1985 990 2068 (pag.
1005 1992 1057 2052 72.
1076 1987 1108 2044 D.
1127 1997 1157 2047 et

55 2069 79 2129 7
82 2067 119 2130 3.
128 2062 180 2145 A.)
200 2085 260 2122 non
275 2069 373 2146 egitur
386 2069 558 2144 mutilavit,
579 2066 634 2126 aed
645 2069 726 2128 alioe
740 2068 865 2130 totidem
877 2093 936 2150 pro
950 2073 1029 2132 verie
1041 2091 1156 2150 enppo-

56 2151 139 2210 auit.
185 2148 418 2230 Ecquidaliud,
445 2151 496 2214 vir
518 2152 647 2232 erudite,
676 2154 819 2234 Georgius
841 2157 982 2236 opposuit
1001 2155 1155 2216 Eusebio?

57 2231 275 2316 παρέιρυψιν,
304 2257 366 2296 non
389 2245 425 2297 ut
446 2237 548 2319 prins,
577 2231 778 2319 leotdpoeen,
807 2239 917 2300 obiecit
936 2241 1002 2318 ille,
1028 2239 1089 2300 hoc
1110 2251 1155 2302 est

58 2319 246 2396 occultavit,
268 2328 299 2378 et
319 2341 394 2402 quoa
414 2320 467 2381 hic
487 2323 591 2381 saltem
602 2343 772 2400 rennuente,
794 2334 823 2384 et
843 2323 905 2384 huo
922 2326 1084 2386 manescere
1101 2325 1155 2386 de-

56 2401 374 2487 bueratneplnonpee
388 2405 509 2468 omnino
523 2407 635 2466 tacuit:
665 2427 756 2488 quere
776 2427 833 2466 nec
855 2408 1075 2488 hallucinatur,
1096 2430 1161 2470 nec·

58 2489 182 2570 culpam
197 2487 231 2548 in
245 2509 277 2550 ee
293 2489 436 2569 Georgius
450 2489 619 2564 committit,
632 2501 724 2570 prout
735 2491 866 2568 Scaliger
875 2493 1031 2554 Animadv.
1042 2515 1072 2574 p.
1081 2495 1157 2560 251..

58 2572 173 2636 obiicit.
196 2573 350 2634 Sincerius
364 2577 460 2636 multo
472 2573 642 2635 deEueebio
658 2575 909 2654 pronunciaverat
922 2579 1060 2656 Scaliger.
1082 2578 1154 2636 Non

55 2669 158 2736 potest
174 2655 241 2716 dici
260 2670 411 2738 qnantum
428 2660 489 2718 eibi
498 2663 672 2740 permiserit
685 2659 837 2719 Eswebim
855 2663 888 2718 in
900 2659 959 2720 hac
977 2665 1025 2726 18.
1048 2659 1153 2736 Dyna-

59 2746 122 2802 str'a
133 2741 318 2807 temeranda.
341 2745 423 2804 Nam
435 2765 498 2804 non
511 2743 612 2804 colum
623 2765 708 2825 ragsa
722 2745 968 2818 comminiscitur,
984 2745 1042 2824 qni
1054 2763 1148 2822 neque
1162 2727 1194 2788 V·
1210 2732 1246 2792 Η

58 2825 145 2906 apud
162 2827 369 2906 Africanum,
396 2849 492 2911 neque
513 2827 602 2910 opud
621 2828 782 2909 Ioeeplmm
794 2839 912 2904 extaret,
933 2825 988 2900 aad
1003 2839 1032 2886 et
1049 2847 1154 2887 eorum
1176 2822 1177 2830 ¹

60 2935 156 2972 manoe
178 2915 321 2989 mutilat,
342 2925 370 2973 et
389 2913 534 2991 extendit,
557 2925 594 2974 ut
612 2915 663 2974 illi
677 2915 779 2974 vienna
791 2925 842 2978 eat.
873 2913 1032 2993 Georgium
1051 2922 1152 2974 tamen

60 2998 217 3058 mordendi
236 2999 388 3078 prurigine
406 2999 602 3076 sollicitatus,
630 2999 743 3062 s'nbdit.
780 3003 944 3058 Praeterea
969 2995 1054 3078 qnod
1072 2995 1163 3058 dicte*

59 3081 145 3160 apud
154 3085 344 3160 Africanum
356 3085 463 3164 colligi
477 3105 574 3144 annea
590 3089 638 3151 18.
652 3087 825 3164 ,Dynaetine
841 3087 914 3151 268.
935 3083 985 3166 (ex
999 3101 1066 3164 peg.
1080 3082 1147 3166 72.)

58 3171 256 3246 manifestum
271 3179 314 3226 eat
326 3167 463 3230 codicum
476 3167 635 3246 mendum,
657 3191 726 3228 cum
737 3171 800 3228 aint
814 3173 885 3236 287.
901 3166 989 3251 (datis
1003 3167 1148 3228 nimirum

57 3269 94 3312 ex
109 3251 230 3314 Eusebii
245 3262 275 3312 et
288 3253 412 3334 proprio
422 3254 568 3334 Scaligeri
580 3255 787 3334 diagrammate
799 3253 897 3333 primo
910 3253 1068 3334 Dyneatiaa
1082 3251 1147 3331 regi

56 3337 147 3398 Amos
162 3337 249 3398 annis
264 3341 314 3404 28.
327 3337 376 3398 cui
389 3339 469 3400 solos
483 3343 513 3404 4.
526 3339 616 3399 tacite
637 3339 746 3399 tribuit
764 3338 930 3418 Africanae)
953 3359 1031 3418 quos
1050 3338 1147 3396 Eues-

58 3423 126 3481 diue
140 3425 231 3482 auxit
240 3425 336 3482 'menie
352 3428 403 3489 61.
420 3435 456 3482 nt
469 3424 582 3504 espleat
594 3423 757 3485 intervalla
769 3435 935 3503 temporum
946 3443 1084 3484 enorum.
1106 3421 1148 3484 At

58 3526 125 3568 eum
150 3507 310 3568 Africanae
328 3509 421 3568 Amce
439 3509 530 3588 primi
544 3510 620 3588 regis
641 3496 704 3568 nori
722 3509 907 3570 recensuerit
924 3529 1035 3582 annor,
1062 3507 1145 3610 guod

58 3593 163 3654 obiicit
177 3592 322 3672 Georgius
334 3613 401 3673 pag.
416 3599 466 3660 70.
480 3595 518 3655 B.
531 3591 578 3652 hia
594 3593 709 3654 verbine
730 3598 786 3658 soal
801 3590 858 3677 γάρ
873 3587 969 3674 unes
988 3585 1057 3657 οὐδ’
1069 3597 1146 3665 eice

58 3671 139 3741 alnes
151 3677 222 3757 len:
242 3679 338 3737 errori
352 3676 401 3737 vel
414 3677 585 3738 oscitantiae
600 3678 739 3759 propriae
750 3677 885 3759 permisit
898 3697 966 3738 eum
974 3677 1144 3752 adhaerere,

58 3771 85 3821 et
105 3781 146 3822 ex
168 3763 280 3844 privati
300 3761 443 3840 cuiusque
463 3763 540 3840 regis
563 3763 649 3822 annis
672 3783 815 3832 mmmam
829 3765 909 3830 263.
936 3759 1055 3840 collegit
1074 3777 1143 3817 cum

58 3847 199 3908 Atticene
216 3847 319 3908 eodem
332 3866 426 3906 onnes
447 3847 564 3908 Amosie
586 3857 716 3928 quatuor
734 3845 947 3929 aupponeodoe
963 3865 1001 3906 ex
1017 3843 1143 3902 aliorum

57 3949 155 4008 regom
175 3951 306 4007 summa,
334 3951 407 4012 quae
425 3933 497 4000 259.
519 3941 563 3992 est
577 3953 739 4010 annorum,
765 3930 958 4010 significante.
1000 3925 1143 3988 Euaebiue

57 4015 161 4078 deinde
171 4037 269 4078 annea
280 4017 331 4083 85.
346 4015 477 4077 addidit:
499 4037 555 4077 nec
567 4018 600 4077 in
614 4037 739 4078 numero
755 4017 872 4076 cedices
885 4015 1041 4094 proferunt
1055 4027 1142 4069 men-

57 4101 140 4162 dum:
169 4123 229 4164 nec
254 4101 397 4180 Georgius
419 4101 553 4162 Africani
574 4103 752 4162 laterculum
776 4100 957 4179 interpolare
975 4095 1141 4170 tenebatur,

57 4185 103 4246 ubi
117 4207 184 4248 nsns
204 4207 317 4248 emsaee
333 4187 544 4246 contendebat:
567 4187 604 4247 do
618 4187 665 4246 hia
680 4187 789 4246 iterum
805 4185 838 4242 in
861 4181 1049 4261 sequentihus
1071 4199 1141 4241 cum

56 4271 198 4334 Authore.
226 4271 322 4332 lnetat
341 4270 480 4350 Scaliger.
500 4271 578 4330 Als'a
596 4271 707 4330 deliria
723 4271 850 4348 apponit
868 4267 1018 4349 Georgica
1024 4311 1033 4344 ,
1056 4263 1143 4348 quod

58 4357 137 4416 aliua
157 4362 200 4416 ait
219 4351 332 4438 Ἀμιὸς,
354 4353 598 4437 alimmum.-
628 4368 655 4414 et
677 4351 807 4434 quidam
825 4373 878 4412 ree
896 4347 1025 4452 ᾉσσήθ,
1052 4372 1141 4433 quem
