2888 4714
377 351 438 420 ΕΤ
457 351 811 442 emortuom.
1063 347 1139 428 468

93 515 145 578 11.
160 506 272 576 Abdon
285 529 351 594 erp.
366 514 416 580 ta.
429 530 460 572 v.
476 509 526 580 14.
619 579 622 588 ,

95 602 143 663 12.
161 596 309 676 Sampaon
325 616 391 678 cap.
410 602 459 664 16.
479 615 511 658 v.
525 599 579 663 81.

211 683 377 744 Servitutee
389 699 451 743 tax.

89 769 119 832 1.
140 763 219 826 Ante
234 766 422 826 othonielem
437 763 573 826 tadicum
587 768 619 831 3.
640 782 671 826 v.
683 771 714 834 0.
736 766 857 830 duravit
868 791 961 836 annon

89 857 121 916 2.
141 850 225 912 Inter
240 851 431 912 othonielem
447 859 477 910 et
490 850 558 910 And
574 849 641 916 tud.
655 855 685 918 3.
703 871 730 916 v.
748 854 797 918 14.

89 937 122 1000 3.
141 935 223 996 inter
235 935 301 996 dod
316 945 348 996 et
359 935 453 994 Barac
466 933 531 995 lod.
546 934 578 1002 4.
596 955 625 996 v.
638 937 669 1001 3.

87 1024 118 1084 4.
141 1019 223 1080 inter
235 1022 329 1080 Barac
344 1029 374 1080 et
388 1019 555 1080 Gedeonem
569 1019 632 1082 Iud.
648 1025 679 1086 6.
693 1039 724 1080 v.
741 1025 772 1088 1.
1103 989 1137 1093 7·

88 1105 117 1169 5,
140 1103 222 1164 Inter
235 1105 296 1166 Iair
312 1113 342 1164 et
356 1103 480 1184 lephthe
497 1104 561 1164 Iud.
580 1109 630 1170 10.
651 1125 680 1166 v·
695 1109 724 1172 8.
1085 1068 1136 1176 18:

86 1194 118 1256 6.
139 1189 223 1250 luter
236 1189 389 1252 antonem
403 1191 617 1250 etSamannem
632 1189 698 1250 Iud.
713 1187 763 1256 16.
777 1208 808 1250 v.
824 1194 853 1256 1.
940 1206 944 1216 ·
1086 1194 1136 1258 40.

127 1276 254 1336 Summe
279 1274 418 1334 lodicum
447 1283 477 1336 et
510 1274 693 1336 servitutum
726 1274 955 1335 coniunctorum
990 1295 1138 1338 annorum

46 1369 89 1418 m
104 1358 186 1504 44444
201 1442 320 1504 duthnr
333 1442 464 1504 adnectit
478 1435 621 1525 ἆναρχίας
634 1453 664 1504 et
676 1435 798 1524 εἰρήνης
810 1463 904 1504 annoe
916 1443 968 1512 40.
984 1446 1037 1526 qui
1050 1450 1137 1528 prio-

46 1527 127 1590 rssrua
147 1529 279 1610 appositi
298 1529 463 1588 conficiunt
477 1549 621 1590 summam
636 1529 771 1588 iudicum
787 1538 920 1609 ternpore
939 1531 976 1590 ab
990 1533 1136 1612 Apo-tolo
1250 1599 1252 1602 ,

46 1615 109 1673 Act.
133 1617 184 1680 18.
210 1633 238 1676 v.
255 1617 303 1680 18.
318 1614 496 1692 resignatam
512 1634 607 1674 annon
622 1611 764 1673 nimirum
775 1613 847 1680 450.
869 1613 1031 1695 iisdemque
1046 1618 1136 1698 prio-

45 1719 88 1758 τοι
109 1707 144 1760 et
155 1698 334 1778 posteriores
352 1697 424 1758 eliae
438 1699 524 1758 nullo
542 1699 660 1775 negotio
672 1718 829 1778 poaeumur
843 1699 1046 1765 adnumerare.

134 1780 178 1846 Tei
193 1777 267 1846 rard
279 1776 487 1864 Ἀφρικανόν]
508 1783 556 1845 dd
574 1783 641 1844 Heli
657 1783 787 1862 primum
804 1803 915 1844 anunm
928 1796 1064 1847 numerat
1076 1785 1137 1850 Au-

44 1865 115 1930 thor
131 1870 304 1928 emendatus
320 1869 413 1936 4352.
428 1888 539 1946 annor,
560 1868 719 1928 Africanna
733 1867 826 1936 4292.
861 1868 908 1929 Ob
926 1869 1050 1931 omienoa
1066 1872 1137 1932 Cai-

41 1973 104 2012 nan
122 1953 250 2014 iunioris
261 1973 372 2030 annoa,
393 1953 492 2014 minor
507 1962 553 2014 eat
566 1951 702 2013 Africani
717 1973 867 2014 uumerus.
909 1953 957 2024 Ad
972 1954 1066 2023 4192.
1080 1957 1137 2016 ita-

41 2058 103 2116 que
118 2037 236 2096 debitor
248 2039 356 2098 Gainau
373 2042 443 2106 130.
456 2059 549 2098 annos
565 2037 677 2114 adiice,
698 2035 751 2098 fiet
766 2059 881 2098 aumma
895 2037 989 2107 4422.
1011 2041 1134 2102 altarem

39 2119 175 2198 Georgii
189 2125 238 2188 70.
253 2123 394 2184 excedens
410 2123 505 2186 annin.
538 2123 580 2182 Ut
593 2122 725 2202 aequalia
737 2121 806 2200 fiat,
828 2122 950 2184 detrahe
965 2129 1016 2192 20.
1031 2146 1135 2202 annon,

41 2225 125 2286 quoa
141 2225 231 2286 cupra
245 2208 335 2276 2242
353 2208 459 2268 diluvii
474 2207 616 2268 videlicet
627 2217 761 2287 tempus,
783 2207 959 2270 numerabat
977 2211 1138 2272 Africanae

42 2311 81 2350 ex
101 2309 177 2370 pag.
192 2293 242 2357 83.
261 2293 294 2355 C.
318 2301 349 2353 et
372 2293 460 2354 aliine
482 2293 567 2354 deme
580 2311 685 2354 rucene
701 2291 856 2352 duodecim
869 2314 962 2354 annua
979 2295 1138 2358 senionem

42 2375 251 2455 praefecturae
264 2397 354 2458 cupra
369 2382 418 2444 18.
431 2400 448 2438 a
463 2376 590 2456 Georgio
606 2395 774 2452 concaaeoe,
795 2378 870 2436 alioa
885 2399 990 2438 ruram
1003 2382 1137 2460 triginta,

43 2461 130 2520 Pacis
144 2459 286 2521 Africano
300 2463 415 2541 dictor,
438 2483 527 2542 supra
544 2463 595 2529 40.
615 2459 780 2538 Interregni
793 2463 875 2538 tolle,
897 2461 1064 2524 acdeorum
1081 2469 1139 2526 Sa-

43 2565 145 2623 megar
158 2547 317 2608 attributos
325 2591 334 2625 ,
356 2557 393 2608 ut
407 2547 559 2628 auspicor,
580 2555 648 2606 octo
664 2565 776 2604 annea:
798 2545 836 2605 ad
850 2547 1043 2606 concordiem
1055 2557 1139 2608 uter-

45 2650 101 2710 que
122 2631 210 2690 facile
229 2633 426 2696 revocabitur.
469 2635 608 2710 Semegar
623 2651 717 2712 porro
734 2629 859 2710 proprio
879 2630 936 2690 eibi
953 2639 1087 2713 tempore
1108 2641 1139 2692 et

45 2714 199 2794 areliquia
210 2727 346 2796 reparato
361 2718 505 2798 Rempub.
519 2717 740 2778 administrante
747 2761 757 2794 ,
778 2724 852 2774 terte
865 2714 1015 2793 dathon,
1035 2715 1139 2796 poenit

44 2798 92 2859 hic
114 2800 286 2862 Africanae.
317 2801 337 2867 d
355 2799 389 2866 δὲ
408 2797 587 2886 Ἀφριαανός
604 2797 658 2864 τὸν
676 2796 811 2882 Σερεγᾶρ
826 2797 904 2882 λέγει
917 2803 1063 2882 κρατῆσαι
1081 2796 1138 2866 τὸν

42 2877 164 2965 Ἰσραήλ,
185 2889 241 2967 τῆς
256 2891 377 2970 γραφῆς
392 2880 449 2950 orie
464 2879 606 2968 εἰπούσης
622 2882 677 2950 edu
692 2879 809 2968 χρόνον.
832 2885 1009 2964 Quanquam
1028 2885 1137 2948 dubiua

44 2968 100 3028 eim
112 2989 211 3032 rmum
224 2992 336 3033 annum
357 2972 504 3034 duntaxat
519 2971 555 3032 ab
570 2971 711 3033 Africano
730 2971 866 3049 samegar
885 2969 1076 3032 namnetum:
1099 2971 1137 3032 da

44 3053 115 3114 anni
131 3056 244 3116 etenim
258 3057 348 3119 unius
362 3078 483 3120 excaeca
497 3057 640 3137 loquutur
654 3055 705 3116 hic
718 3053 836 3116 Author
849 3056 951 3118 aubdit
960 3051 1033 3138 ’ὅπερ
1045 3053 1136 3138 (ἔτος)

42 3131 225 3222 Ἀφρικανός
238 3137 289 3205 adv
307 3138 447 3226 Σαμεγαὶρ
466 3141 544 3224 λέγει
557 3145 703 3224 κρατῆσαι
717 3136 767 3205 cdv
778 3135 903 3222 Ἰσραήλ.
946 3142 1044 3202 Texta
1063 3163 1136 3204 cor-

45 3234 135 3306 rupto
144 3270 153 3302 ‚
175 3247 223 3286 ree
236 3227 311 3287 mihi
325 3237 425 3289 manet
438 3227 561 3291 incerta.
590 3226 744 3290 Videndue
761 3225 877 3286 Author
896 3246 962 3307 pag.
977 3225 1048 3294 164.
1065 3227 1097 3288 G

119 3307 218 3375 'Ka-cd
238 3306 304 3376 ride
324 3310 358 3378 ια’
379 3305 600 3396 χρο-νογρᾶφιον
623 3307 738 3398 droti]
768 3311 811 3370 tta
828 3312 998 3372 emendatae
1015 3321 1137 3376 noatraa
1221 3369 1223 3374 .

45 3394 180 3468 titulae,
201 3397 277 3458 alita
296 3397 388 3466 4350.
416 3397 621 3458 demonstrent
638 3417 677 3458 ex
695 3394 845 3474 Authore,
867 3395 924 3458 hac
942 3396 1044 3458 eadem
1066 3417 1136 3479 paq.

45 3479 176 3542 literali.
188 3482 241 3562 qui
257 3478 399 3564 ἀναρχίας
416 3483 543 3564 epatium
562 3483 654 3550 4310.
670 3479 794 3542 inchoat
812 3501 878 3562 pag.
896 3485 969 3550 174.
987 3483 1024 3546 Β.
1041 3483 1136 3546 adeo·

47 3585 101 3643 qne
113 3564 207 3626 finem
220 3567 313 3634 4349.
327 3577 357 3628 et
369 3567 437 3628 Heli
452 3567 635 3648 principium
648 3567 741 3635 4350.
755 3567 869 3628 atatuit.
890 3567 1023 3630 Duorum
1039 3589 1137 3628 anno-

45 3669 110 3710 ram
128 3649 293 3731 deliquium
308 3673 347 3712 ex
359 3652 419 3714 loir
433 3652 559 3733 imperio
576 3651 647 3714 nolin
660 3657 712 3722 20.
726 3651 813 3713 annin
829 3653 1059 3734 circumacriptn
1072 3652 1137 3714 ori·

45 3741 108 3795 tur:
132 3735 171 3795 de
188 3757 248 3816 qno
261 3747 333 3798 nota
349 3737 522 3819 penultima.

129 3821 196 3900 Pag·
220 3817 453 3898 mutuetur
473 3818 616 3902 Aineion]
644 3820 791 3885 anebiua
807 3821 847 3884 ad
871 3841 984 3882 annunt
1003 3817 1139 3904 Abrabae

45 3905 117 3970 870.
136 3906 297 3966 Ααοαηὶαα
317 3909 435 3968 lulium
444 3909 552 3988 filiano
568 3912 758 3987 procreavit:
779 3930 802 3969 a
818 3928 878 3988 quo
892 3907 1024 3984 familia
1039 3905 1138 3966 Iulio·

45 4008 118 4048 rum
137 4001 216 4055 orta.
260 3993 303 4051 Et
322 4005 447 4074 propter
469 3995 758 4072 umatemparuuli,
781 3995 858 4073 quia
878 3989 1004 4050 necdum
1020 3989 1139 4052 omibus
1154 3997 1187 4057 Ρ.
1199 3995 1232 4056 51

44 4072 183 4154 regendis
196 4073 323 4137 idoneus
336 4089 418 4156 erut,
439 4079 576 4158 d'ylvium
589 4079 793 4140 Portunum
798 4077 935 4154 fratrem
946 4096 1038 4136 auum
1051 4079 1138 4156 regni

45 4160 173 4238 reliquit
183 4161 349 4224 haeredem.
377 4164 416 4224 Et
435 4164 526 4226 inira.
553 4165 676 4248 Sylvius
688 4163 876 4224 Poethumue
890 4164 966 4240 quia
973 4171 1046 4240 poet
1059 4181 1138 4222 mor.

47 4254 107 4302 tem
115 4249 224 4325 patrm
239 4245 354 4326 addar,
374 4251 443 4310 ruri
451 4252 559 4326 fuerat
570 4247 731 4325 educatur,
753 4257 782 4309 et
795 4247 894 4319 Salvii
905 4245 1070 4309 Poathumi
1083 4267 1137 4308 no-

46 4347 112 4394 men
126 4335 259 4414 accepit:
279 4353 301 4394 a
315 4355 376 4415 qun
390 4355 490 4396 omnee
502 4332 698 4395 Albanorum
717 4352 800 4413 regen
820 4331 920 4413 Sylvii
936 4335 1040 4396 renate·
1054 4345 1136 4396 aurit.
