2860 4714
407 373 467 443 ΕΤ·
487 373 840 448 ANNOTATIONES.
1098 372 1174 446 847

75 531 222 616 positione
234 531 461 596 corroboratur.
503 535 576 596 Post
585 533 736 597 Actiacam
747 533 906 598 victoriam
918 525 950 597 et
961 533 1176 602 Alexandriam

76 623 207 680 Romano
226 618 300 697 iugo
322 618 494 698 subditam,
519 621 647 681 erratico
665 641 720 682 suo
740 643 818 681 anno
834 623 1012 703 repudiato,
1033 623 1130 686 fixum
1146 635 1177 686 et

75 715 187 764 certum
202 705 342 782 Augusto
356 705 473 764 Caesari
485 705 541 764 sibi
553 707 721 766 devinctius
736 709 925 768 conciliando
939 709 1081 790 deinceps
1095 712 1177 770 reci·

74 790 217 871 piendum
236 789 433 850 decernentes
447 791 601 871 Aegyptii,
622 793 705 871 quod
717 793 852 871 Augusto
872 815 974 854 mense
992 805 1022 856 et
1042 796 1176 856 eiusdem

76 877 179 935 mensis
196 873 249 934 die
265 895 347 934 nono
370 895 462 956 snpra
477 877 653 954 vigesimum
675 877 738 938 eius
757 899 793 937 se
808 879 1015 939 submisissent
1036 882 1176 962 imperio,

75 961 166 1020 eidem
182 960 259 1018 anni
274 959 425 1040 primique
446 963 556 1022 mensis
570 962 671 1023 'lbotlr
685 963 877 1024 Neomeniarn
896 965 1007 1024 futuris
1027 967 1176 1047 tempori·

75 1045 126 1106 bus
137 1045 325 1124 alligandam
337 1057 513 1107 sanxerunt:
537 1057 566 1108 et
577 1048 831 1130 praescindendae
843 1049 969 1128 antiquo
984 1071 1063 1110 anno
1077 1053 1109 1110 in
1123 1073 1177 1132 po.

75 1141 187 1191 aterum
211 1131 343 1209 vagandi
357 1131 495 1192 licentiae
511 1133 590 1194 diem
611 1133 819 1194 intercalarem
835 1135 914 1194 illuc
930 1153 1026 1214 usque
1047 1136 1177 1196 inusita-

76 1226 136 1275 tum
149 1217 280 1294 singulis
296 1215 498 1295 quadrienniis
513 1219 711 1280 adiiciendum
726 1228 880 1281 curarunt.
922 1219 983 1280 Nec
996 1219 1085 1280 modo
1099 1221 1177 1281 diem

76 1301 263 1362 admiserunt
277 1301 394 1362 Iuliano
408 1311 437 1362 et
450 1303 637 1384 Astrologico
649 1306 714 1364 iure
726 1305 933 1376 inserendum
955 1305 1091 1388 quinimo
1109 1326 1178 1366 curn

76 1387 199 1466 Augusti
218 1387 351 1448 Caesaris
365 1388 501 1467 gestique
520 1389 557 1447 ab
577 1409 611 1449 eo
628 1389 700 1448 belli
716 1391 834 1450 Actiaci
856 1400 886 1450 et
904 1389 1106 1451 Alexandriae
1127 1391 1177 1450 de·

74 1473 172 1532 vietae
184 1481 364 1552 tempestate
377 1473 556 1534 Pontificum
570 1475 690 1534 inscitia
702 1493 765 1534 uon
778 1476 845 1534 leve
859 1476 892 1534 in
904 1476 1053 1536 lulianum
1065 1497 1178 1538 annum

74 1557 247 1618 intrusisset
262 1557 370 1618 vitium
378 1603 387 1635 ,
410 1579 446 1618 ac
459 1559 519 1616 ium
535 1559 597 1618 dies
610 1579 690 1619 unus
704 1559 873 1638 superfluus
891 1572 1007 1640 praeter
1021 1562 1092 1622 Iulii
1106 1561 1177 1620 Cae-

75 1645 147 1704 saris
169 1653 202 1702 et
222 1643 424 1703 intercalandi
441 1643 574 1722 regulam
601 1645 673 1704 anni
694 1643 847 1704 curriculo
869 1645 978 1706 fuisset
999 1647 1176 1724 adiunctuep

75 1729 189 1788 factum
205 1738 266 1804 est,
286 1738 323 1788 ut
338 1729 390 1810 qui
403 1729 584 1789 Alexandria
598 1731 722 1789 subacta
742 1729 806 1789 dies
819 1730 947 1810 Augusti
966 1733 1075 1792 mensis
1089 1733 1178 1791 trice-

75 1817 184 1890 simus,
215 1823 246 1873 et
274 1813 307 1872 in
327 1814 501 1892 sequuturis
522 1815 749 1876 intercalaribus
770 1815 855 1874 annis
874 1815 1043 1877 tricesimus
1062 1818 1178 1897 primus

75 1899 231 1960 numerari
251 1899 413 1977 debuerat,
435 1901 474 1958 ob
491 1900 689 1960 redundantis
704 1901 787 1960 illius
810 1901 871 1961 diei
887 1919 1044 1962 excessum
1064 1901 1179 1962 vicesi-

75 2005 142 2044 mus
160 1985 311 2044 duntaxat
323 2005 422 2044 nonus
435 1985 527 2046 suerit
539 1995 739 2066 computatus.
781 1986 862 2046 Exin
881 1987 1023 2066 castigato
1038 1995 1108 2068 post
1121 1985 1181 2045 ali-

77 2081 154 2150 quot
176 2089 325 2130 annorum
347 2069 475 2144 epatium
496 2071 568 2130 unni
588 2071 697 2130 Iuliani
716 2089 833 2144 errore,
866 2072 919 2151 qui
940 2081 1010 2132 ante
1031 2072 1179 2132 devictam

75 2155 290 2216 Alexandriam
306 2173 369 2214 uno
387 2155 436 2214 die
448 2155 558 2216 limites
577 2166 763 2235 excesserat,
785 2155 824 2220 ad
846 2155 976 2236 Augusti
998 2158 1107 2218 mensis
1127 2177 1181 2217 ee-

78 2241 142 2300 dem
157 2241 333 2302 vicesimam
350 2261 460 2300 nonsm
475 2249 633 2302 revocatus
652 2253 715 2319 estq
738 2243 821 2323 quod
836 2242 888 2302 ille
905 2243 1063 2323 proculab
1079 2261 1182 2304 errore

75 2335 302 2402 numeraretur,
325 2325 538 2407 cumprimum
554 2326 681 2404 Augusti
699 2328 831 2389 Caesaris
849 2327 1008 2408 imperium
1023 2330 1184 2390 subierunt

76 2411 235 2494 Aegyptii,
257 2411 329 2469 licet
348 2409 407 2470 iam
431 2411 602 2490 trigesimus
627 2411 793 2490 diceretur,
815 2422 965 2490 erranter,
991 2423 1021 2474 et
1040 2415 1073 2474 in
1095 2414 1184 2475 annis

75 2495 311 2557 intercalaribus
334 2515 351 2552 a
373 2495 471 2575 primo
496 2515 586 2575 supra
614 2495 797 2575 trigesimum
828 2499 1078 2560 recensendorum
1106 2499 1182 2559 ordo

77 2583 218 2664 progredi
232 2589 397 2644 teneretur.
440 2581 576 2660 Legenda
594 2579 669 2640 haec
682 2583 764 2662 apud
785 2581 969 2658 Scaligerurn
985 2584 1063 2642 libro
1075 2593 1183 2663 quarto

81 2670 119 2726 dc
132 2667 286 2728 Emendat.
302 2667 404 2746 Temp.
420 2675 450 2726 et
464 2666 497 2724 in
511 2667 585 2744 Issg.
602 2668 714 2726 Canon.
730 2669 811 2726 libro
827 2667 978 2744 trigesimo
994 2669 1095 2745 primo
1104 2713 1113 2744 ,
1136 2687 1183 2726 ce-
1223 2721 1226 2728 .

78 2753 142 2838 pite
154 2751 351 2827 duodecimo,
374 2760 403 2810 et
419 2751 501 2832 apud
519 2751 677 2812 Petusium
691 2753 729 2812 de
744 2753 828 2812 Dect.
843 2753 944 2832 Temp.
957 2753 1038 2810 libro
1057 2751 1183 2830 decium,

80 2861 144 2920 cap.
165 2847 219 2905 71.
241 2837 361 2917 copiose
382 2837 536 2916 solideque
555 2845 700 2914 tractata,
723 2847 777 2898 aut
799 2837 934 2917 Oedipus
952 2837 1114 2898 verborum
1132 2835 1186 2898 bic

78 2927 248 3008 positorum
261 2921 397 3002 Spbyngi
410 2921 606 2982 declarandae
619 2923 869 2984 adinveniendus.

161 3029 233 3106 Peg.
256 3031 287 3094 9.
306 3019 454 3098 Ἀσοῦαν.]
475 3021 663 3104 Epiphanius
679 3026 768 3087 Hae.
778 3031 829 3092 39.
845 3019 953 3108 Σννῆν
965 3035 1071 3090 vocat:
1086 3025 1184 3088 (daro-

80 3115 169 3176 nicon
184 3111 333 3176 Alexand.
348 3121 378 3171 et
389 3109 471 3170 aliud
485 3107 573 3172 Ioelis
588 3129 652 3170 eam
665 3119 841 3173 memorant.

164 3213 390 3300 Καρποφορλαν
412 3215 499 3275 καλεῖ
515 3206 677 3298 ἦρραφήλ
700 3215 808 3278 Genea.
827 3214 924 3295 capite
942 3224 1070 3296 quarto,
1090 3235 1183 3278 versu

76 3303 213 3366 secundo
221 3349 232 3378 ‚
251 3297 360 3382 ἤνεγκε
374 3299 456 3362 Koria
471 3291 531 3361 ainsi
544 3303 604 3360 suiv
617 3305 742 3382 καρπῶν
755 3305 810 3380 τῆς
822 3303 879 3382 γῆς
891 3304 1006 3370 θυσίαν
1018 3305 1062 3387 τῷ
1076 3303 1182 3389 κυρίῳ.

77 3399 109 3451 et
123 3409 155 3454 r.
175 3389 207 3454 4.
223 3385 340 3449 ἐπεῖδεν
355 3382 372 3450 ὁ
391 3379 467 3458 Θεὸς
480 3379 645 3464 inludet,
667 3384 719 3448 καλ
732 3383 782 3448 ἐπὶ
797 3391 860 3460 τοῖς
871 3380 980 3468 dripere
995 3381 1101 3450 edred.

165 3483 331 3567 Μαλελεήλ
351 3483 490 3569 ἐγέννησε
508 3491 569 3550 ταῖν
588 3482 802 3560 Μαθουσάλαλ
825 3489 870 3548 Ita
888 3489 994 3568 legunt
1014 3495 1066 3558 70.
1088 3489 1184 3550 Inter·

77 3587 189 3660 preter.
232 3571 398 3634 Mathuselu
425 3579 485 3649 est,
513 3571 567 3653 qui
588 3592 627 3633 ex
654 3571 748 3652 Seth,
774 3573 954 3654 blathuasel,
990 3577 1080 3656 quie
1109 3575 1184 3634 Cain

77 3674 166 3726 ortus
181 3667 237 3722 est.
809 3713 818 3732 ,

170 3759 233 3828 rte
248 3759 334 3825 ἕκτον
346 3757 463 3831 αἰῶνα]
484 3758 619 3840 Spatium
633 3758 777 3840 intellige,
793 3771 922 3822 aetutem
934 3757 1042 3820 mundi
1056 3757 1181 3817 dictum.

166 3865 237 3944 Peg.
261 3867 311 3930 10.
331 3855 503 3942 ulomaiu]
533 3862 665 3920 Eandem
686 3883 725 3922 ex
743 3883 840 3945 parre
861 3863 969 3923 Genesi
987 3858 1185 3941 Epiphanius,

85 3951 200 4013 Cliton.
223 3947 368 4010 Alexand.
388 3955 416 4005 et
433 3946 520 4007 loelis
534 3957 711 4012 memorent.

171 4039 224 4120 Τῷ
243 4027 317 4117 σμγ’.
335 4031 393 4094 tro
414 4035 470 4094 τοῦ
484 4028 601 4112 Ἀδάμ]
624 4033 791 4114 Pericopen
810 4031 892 4092 banc
913 4040 982 4090 ante
1001 4029 1185 4111 superiorem

82 4142 216 4202 repono,
244 4129 274 4180 et
294 4117 375 4200 quod
396 4117 490 4195 ratio,
513 4129 544 4178 et
563 4117 711 4178 humanae
730 4115 917 4178 educationis
937 4116 1034 4196 poscit
1055 4133 1186 4176 consue-

83 4209 177 4285 tudo,
199 4208 275 4283 lego.
295 4207 339 4290 τῷ
354 4197 426 4284 σλγ’.
443 4199 501 4265 ἔτει
516 4207 573 4268 τοῦ
584 4195 680 4286 Zeten
693 4198 938 4286 ἆπεγαλαντίσθη
952 4199 968 4266 ὅ
981 4194 1065 4284 Σήθ.
1099 4201 1186 4262 Itane

84 4293 156 4354 Seth
172 4291 260 4352 annis
277 4293 325 4356 13.
340 4287 389 4347 lac
405 4289 511 4348 suxitl

167 4377 203 4440 ‘0
228 4369 304 4456 Σὴθ
326 4370 470 4458 ἆρααγελς
487 4371 550 4438 duo*
568 4377 630 4437 sois
650 4365 805 4456 simitum]
835 4373 936 4432 Locus
958 4371 990 4432 in
1012 4373 1075 4436 MS.
1094 4371 1185 4451 Regio
