2888 4714
398 355 457 428 tr
476 355 831 432 Annonamonns.
1084 352 1159 428 437

77 512 171 587 ritate,
193 530 262 591 qua
281 508 409 572 modesti
423 513 557 574 dominre
570 519 699 576 contenti
713 537 775 576 aare
792 514 911 595 debon,
934 529 970 577 ut
982 519 1160 600 odearditaa

79 593 245 658 declinetur.
285 596 367 658 Hace
383 597 451 658 ille:
471 597 605 660 modeste
618 601 753 681 quidem,
774 611 806 664 at
818 623 882 662 non
896 624 913 661 a
928 604 1077 664 teneriore
1089 625 1161 666 een-

76 679 157 740 tmtia
176 681 302 761 panitur
316 682 487 760 declinant,
509 683 562 763 qni
583 685 768 746 commodam
785 687 1059 767 interpretationem
1076 692 1160 751 Scri-

73 775 170 844 ptuaae
183 767 374 844 testimonio,
398 775 428 828 et
442 767 645 849 antiquiorum
660 768 839 830 authoritate
857 775 974 844 nixam,
995 783 1026 834 et
1038 783 1159 856 tempo-

72 851 261 910 ranrationi
278 853 529 930 eonaentientem,
553 873 611 914 can
630 853 911 918 denominationem
930 878 949 916 a
964 857 1158 944 Chronologia
1204 865 1206 877 '

76 934 224 1014 approbari
248 935 455 999 diaaimnlavit.
708 975 709 978 =

146 1019 219 1099 Pag.
246 1025 317 1087 120.
343 1025 391 1105 Τῷ
410 1017 466 1100 κη’.
485 1025 542 1084 τοῦ
563 1016 699 1106 impin]
727 1022 914 1082 Recolendue
928 1035 1028 1086 menta
1046 1029 1159 1110 duplex

74 1113 245 1184 eomputua,
267 1106 305 1164 de
326 1125 387 1184 quo
403 1125 494 1186 enpra
506 1106 545 1166 ad
560 1117 646 1166 notae
658 1107 759 1187 pagin.
773 1111 823 1174 86.
839 1109 912 1176 116.
931 1117 960 1169 et
978 1115 1046 1178 116.
1068 1115 1159 1175 Prae-

77 1207 129 1248 tene
147 1191 299 1254 maiorem
318 1189 471 1270 requitur,
500 1201 530 1250 et
555 1193 682 1252 natalem
702 1190 868 1271 erpherad
887 1193 926 1254 ad
945 1195 1049 1254 mundi
1063 1199 1157 1266 2218.

73 1271 251 1334 demnatum.
294 1273 413 1334 Amram
426 1276 521 1354 patrie
535 1275 682 1356 Marioque
698 1275 754 1336 filii
774 1276 895 1358 longam
912 1276 1068 1342 historiam
1088 1302 1157 1362 per-

74 1359 139 1418 texit
150 1357 332 1419 Euetathiue
348 1359 385 1417 ab
397 1359 510 1420 Allatio
524 1361 630 1422 edituo.

146 1445 216 1524 Peg.
241 1448 312 1509 121.
330 1438 560 1526 Ἐπιλελόγισται
574 1445 631 1509 ἔτει
645 1443 793 1530 decadem]
821 1445 913 1508 lloeia
932 1449 1063 1510 natalem
1080 1450 1158 1512 diem

72 1526 174 1588 locavit
192 1525 314 1589 author
332 1547 401 1608 pag.
426 1535 478 1597 68.
495 1531 528 1591 C.
548 1531 603 1588 aub
622 1529 731 1590 deseth
743 1550 855 1608 regno:
880 1531 1033 1594 submovet
1050 1535 1101 1594 hic
1118 1536 1158 1598 ad

74 1611 198 1673 lmoaioe
211 1611 319 1672 Aeaeth
333 1613 512 1675 aueceaaorie
527 1635 638 1675 annum
657 1614 820 1674 eorundum
832 1623 862 1674 et
880 1635 932 1675 aex
949 1619 1035 1676 ennie
1053 1631 1158 1700 poeta·

72 1697 173 1758 riorem
195 1697 317 1774 reddit,
344 1699 395 1758 vel
409 1708 538 1776 quatuor
561 1699 656 1779 ipsine
674 1699 794 1774 drueth,
821 1707 857 1758 ut
871 1699 985 1760 indicat
1000 1722 1066 1782 pag.
1086 1709 1156 1771 128.

73 1784 380 1862 manummerias,
400 1783 520 1842 mutilat
537 1803 650 1864 annos,
669 1783 738 1844 alibi
754 1803 859 1844 rurena
875 1784 914 1843 ad
928 1785 1059 1865 primum
1082 1789 1157 1849 eina-

73 1863 136 1924 dem
153 1867 290 1926 Amoeioa
304 1875 436 1928 revocat.
487 1867 570 1941 Quid
584 1869 667 1928 aliud
687 1867 811 1944 inierat,
833 1889 922 1947 quaen
941 1871 1038 1932 vinem
1060 1873 1158 1932 erudi.

73 1955 134 2008 tum
146 1953 284 2030 propt-ica
304 1953 436 2012 calculos
454 1951 494 2012 ad
514 1951 650 2036 invicem¹
661 1973 724 2011 non
739 1973 939 2034 comparatae,
963 1966 993 2017 et
1009 1956 1157 2018 edendtnn

73 2053 149 2112 opua
164 2045 233 2094 ante
245 2045 366 2096 mortem
382 2057 446 2096 non
463 2037 553 2117 plene
566 2036 772 2098 recenauieael

157 2115 365 2201 Karai'loaxov
377 2118 628 2204 repoiror''Appovr
645 2119 787 2202 durmin]
810 2121 941 2200 Scaliger
953 2123 987 2184 iu
997 2122 1073 2184 haec
1087 2124 1155 2185 Not.

72 2219 137 2278 pag.
150 2203 221 2268 264.
233 2205 335 2266 relata.
380 2205 474 2286 Quod
485 2217 607 2281 vererer,
627 2207 742 2286 inquit,
762 2207 820 2268 cub
833 2206 945 2268 nacto
959 2219 1068 2268 natum
1083 2211 1156 2268 Mo·

75 2305 132 2342 tem
145 2285 249 2348 dieunt
262 2301 422 2370 propterea
436 2290 604 2350 Eusebium
622 2312 750 2366 marae,
775 2294 830 2370 qni
845 2293 932 2373 longe
953 2293 1156 2374 arniqzatorem

71 2371 187 2445 sociat:
211 2380 293 2434 ratio
309 2375 535 2457 frigidieaima.
582 2376 666 2435 Nam
683 2378 777 2454 priua
797 2397 891 2454 neque
911 2379 1078 2455 probatum
1101 2387 1154 2456 eat,

76 2475 161 2534 neque
183 2458 363 2525 conceditur.
416 2460 525 2522 verum
551 2459 671 2536 quidem
701 2459 859 2525 Tatianum
879 2459 1022 2524 Oratione
1048 2471 1154 2524 contra

78 2539 196 2602 Graecae
219 2554 365 2621 exeunte,
392 2554 423 2605 et
448 2543 530 2624 apud
550 2562 618 2604 eum
641 2542 803 2624 Apicum),
831 2537 1011 2604 Clementem
1036 2565 1154 2624 quoque
1170 2549 1203 2605 1³.
1219 2547 1254 2607 tt

78 2624 304 2690 Alexandrinum
322 2632 503 2690 stromatum
521 2626 572 2690 lib.
589 2634 618 2694 1.
638 2628 677 2688 ad
690 2625 792 2687 Inachi
804 2635 939 2706 tempora
950 2628 1041 2690 Moaia
1054 2638 1156 2690 ortum

78 2727 132 2767 non
146 2733 303 2776 revocare:
325 2714 387 2773 eiua
401 2724 502 2773 tamen
521 2733 589 2772 eum
602 2712 716 2794 populo
730 2731 769 2770 ex
783 2711 917 2792 Aegypto
938 2711 1155 2792 protectionem

78 2791 167 2856 lnaohi
182 2809 279 2860 aetate
296 2807 465 2879 anaceptam
484 2797 602 2858 disertio
623 2796 722 2858 verbio
739 2796 922 2877 exprimunt.
961 2794 1070 2856 Lerina
1091 2797 1155 2856 ita.

80 2895 128 2954 qne
144 2881 236 2945 lector
260 2883 400 2944 authoree
421 2883 455 2942 in
476 2882 592 2942 eunctie
605 2883 662 2942 eibi
681 2879 839 2960 suffragari
853 2880 997 2960 Georgiue
1014 2879 1154 2944 audaciae

80 2968 208 3047 nonant,
237 2989 314 3049 quoe
335 2968 438 3028 affinea
458 2967 606 3028 duntaxat
629 2967 690 3028 auia
711 2965 859 3046 computia
876 2965 1023 3027 affirmare
1046 2975 1153 3046 potent
1189 3049 1190 3052 Ἴ

79 3041 191 3112 inultae
206 3075 271 3114 eam
286 3055 398 3114 obrem
412 3053 520 3113 iterum
533 3051 663 3130 Scaliger
674 3071 740 3132 pag.
753 3055 803 3117 18.
817 3051 958 3113 aeribena.
1001 3051 1154 3114 Solemnio

79 3125 178 3194 delirat
204 3141 374 3219 Geor-gina:
404 3140 467 3218 iper
487 3139 595 3218 potina
616 3133 872 3217 reprehendendae
888 3139 945 3216 qui
966 3155 1033 3194 caim
1051 3137 1154 3197 Eure·

80 3211 151 3278 bium
165 3223 316 3303 obiurget,
337 3219 421 3303 quod
432 3221 472 3282 ab
488 3223 628 3300 antiquie
641 3219 818 3298 dimentiot,
838 3224 901 3301 ipae
920 3231 1021 3281 tamen
1038 3225 1151 3283 eadum

80 3299 207 3385 terretis,
229 3329 291 3368 non
305 3309 362 3367 auh
375 3305 505 3382 Iaccho,
525 3305 579 3366 aed
592 3307 649 3366 aab
664 3305 730 3386 Api
739 3307 838 3386 ponit.
886 3306 964 3366 Tam
974 3308 1073 3386 igitur
1087 3310 1150 3387 ipae

80 3403 159 3460 quom
169 3393 321 3452 Eneebiua
334 3391 525 3468 distentione,
547 3413 568 3450 a
580 3391 734 3466 vetentur,
755 3389 809 3450 aed
818 3389 939 3451 diversa
951 3393 1015 3452 via.
1041 3389 1149 3454 Verius

81 3467 181 3536 diceret
200 3479 255 3538 ille
277 3477 394 3538 modico
417 3495 562 3538 annorum
581 3475 677 3556 epatio
693 3475 870 3556 Georgium,
890 3475 1005 3554 ingenti
1023 3495 1148 3546 numero

80 3551 224 3622 damma
236 3561 405 3623 Eusebium.
451 3563 554 3641 Quare
568 3562 605 3622 ob
617 3561 675 3622 laco
694 3581 789 3620 unum
810 3555 971 3646 (scaligeri
988 3561 1078 3621 verba
1096 3581 1151 3621 ra·-

81 3637 147 3720 lero)
165 3651 269 3707 mnito
290 3649 437 3728 Georgica
449 3649 613 3725 irascitur,
635 3643 720 3728 qnod
727 3667 748 3706 a
764 3647 911 3708 veteribuc
928 3667 950 3704 α
965 3643 1077 3723 quibua
1095 3665 1150 3702 ve·

82 3731 309 3868 &piammonem
333 3733 467 3814 cognitio
487 3753 586 3793 rerum
608 3733 774 3814 accipitur,
799 3733 896 3808 focile
921 3729 1062 3790 dieeentit
1081 3729 1150 3788 En-

81 3827 106 3865 Ιθ
121 3831 177 3876 tua.
417 3859 423 3872 .

149 3896 263 3989 ‘Recepi
275 3895 482 3984 ἐπιπίπτων]
504 3901 564 3977 Qui
579 3902 707 3964 canonia
719 3898 870 3982 prooemio
885 3897 985 3958 iovem
997 3894 1080 3992 Meae
1090 3913 1151 3975 po-

82 3980 235 4066 tlttiorem,
254 3987 412 4068 ipsumque
425 3987 537 4049 liorem
549 3989 622 4049 viria
641 3986 775 4062 ennetia,
796 4001 924 4062 quornm
947 4000 1055 4040 nomen
1069 3987 1150 4040 anter

82 4054 210 4131 Ethniooe
233 4071 349 4133 celebre
374 4073 565 4134 vetustiorem
589 4074 859 4134 demonstraturum
880 4065 1051 4147 pollicitae,
1073 4083 1149 4122 oon·

83 4141 165 4212 satim
177 4155 331 4218 immemor
344 4157 486 4238 promisci
499 4157 642 4218 Inachum
658 4157 793 4234 Ogygutn
806 4161 836 4211 et
849 4151 911 4211 eiua
923 4150 1069 4210 diluvium
1082 4149 1150 4208 Mo·

81 4225 114 4286 tit
128 4242 249 4320 tempori
268 4243 416 4322 praefert,
435 4243 535 4302 lovem
555 4240 666 4302 Inaclm
683 4247 873 4298 coaetaneum
892 4234 1027 4314 inducit,
1049 4245 1080 4296 et
1098 4233 1149 4296 lo-

82 4321 268 4388 vendanum
284 4329 373 4408 longo
388 4337 458 4410 poet
474 4327 586 4390 Morem
599 4323 760 4388 interuallo
778 4322 888 4383 vixieee
900 4319 1003 4384 refert.
