2860 4714
376 371 437 440 ΕΤ
456 371 806 446 ANNO'I'ATIONES.
1059 365 1142 440 δ971

42 531 193 611 poputum
211 529 367 610 captivum
387 528 545 608 liberasse,
566 540 597 590 et
615 531 753 612 Aegypto
776 528 950 607 excessiaso3
972 531 1061 594 modo
1079 531 1134 594 du.

43 615 112 676 bins
133 613 267 676 nstalem
289 613 399 694 Moysis
420 615 499 675 diem
516 615 556 676 sd
577 615 707 676 eiusdem
723 615 801 695 regis
815 613 980 696 primordia
992 637 1137 680 revocure

44 701 165 759 audeat:
188 699 350 779 posteriori
368 697 487 778 quidem
509 699 643 760 Afficani
661 702 742 762 dicto
770 702 961 760 assentientes
983 702 1020 760 eb
1046 703 1136 764 Amos

43 785 127 846 initio
143 783 185 844 ed
196 783 493 864 biisphragmuthosis
504 784 594 844 finem
610 793 728 846 centum
743 795 772 844 et
782 785 887 864 viginti
899 807 1045 848 annorum
1056 809 1137 848 sum.

43 891 121 929 mam
143 870 336 948 colligemus,
355 869 446 930 Amos
462 870 541 930 enim
555 869 608 930 ills
623 871 715 930 nullis
735 869 807 930 licet
823 869 859 928 eb
876 871 1018 932 Africano
1039 873 1136 932 donn-

43 965 91 1014 tus
115 955 224 1030 annis,
253 954 289 1014 cb
318 953 446 1014 Eusebio
468 956 521 1022 25.
544 975 682 1035 regnasse
702 955 831 1032 dicitur,
860 953 908 1014 cui
932 955 1061 1018 Chebros
1086 962 1135 1026 16.

42 1038 264 1120 Amenopbtlu's
284 1045 337 1106 21.
369 1040 495 1099 emersis
516 1047 569 1108 22.
591 1038 750 1120 Missphris
767 1043 818 1108 13.
842 1038 1137 1120 Misphragmuthosis

41 1126 162 1184 tandem
179 1129 235 1192 26.
256 1125 432 1184 successisse
448 1125 560 1184 dicitur
566 1147 576 1202 3
598 1136 688 1205 etque
702 1126 776 1186 adeo
790 1143 895 1203 regum
911 1125 1039 1186 istorum
1054 1137 1137 1186 sets-

42 1219 84 1268 tss
98 1229 164 1268 eam
181 1229 272 1288 quarn
285 1209 383 1288 exegit
395 1210 512 1288 Moyses
532 1230 680 1272 annorum
699 1230 846 1270 summam
868 1221 1030 1290 exaequat:
1050 1211 1136 1291 prius

41 1303 138 1354 sutem
150 1295 269 1354 dictum
283 1295 443 1376 amplexati
457 1295 614 1374 nequidem
629 1316 776 1356 annorum
790 1294 985 1374 quadraginta
1006 1295 1135 1376 spatium

42 1379 200 1439 commode
213 1380 379 1460 poterimus
402 1399 520 1456 eruere,
542 1401 600 1459 quo
622 1383 783 1442 terminum
799 1389 959 1460 unumque
975 1380 1135 1461 dispunga-

38 1485 110 1524 mus.
153 1465 244 1524 Nunc
259 1485 349 1544 quam
363 1473 484 1524 coactus
500 1463 579 1524 iuter
593 1466 690 1544 Ogygi
706 1465 954 1544 Deucalionisquc
965 1464 1134 1528 inundstio·

39 1569 102 1608 nem
119 1550 211 1608 annis
225 1549 297 1616 248.
318 1559 454 1610 teneatur
468 1549 626 1612 Africanus
641 1549 812 1624 admittere,
832 1547 918 1609 brevi
937 1550 1053 1610 rstione
1066 1571 1135 1610 cuns

39 1633 178 1694 Authore
196 1635 326 1697 deolnro.
376 1634 563 1694 Deuoslionis
587 1635 736 1695 diluvium
760 1635 873 1696 Cranno
894 1635 1025 1694 secundo
1045 1635 1135 1696 stus.

38 1721 191 1779 niensium
212 1739 281 1798 rege
301 1719 467 1800 imperante
490 1719 620 1778 Atticam
640 1719 791 1796 regionem
819 1717 971 1778 obvolvit:
999 1722 1136 1796 regnavit

40 1805 177 1864 Gronaus
196 1824 304 1864 novem
322 1805 423 1879 nursia,
444 1807 650 1884 praecesserat
667 1805 813 1864 Grannum
836 1803 981 1884 Cecrops,
1003 1813 1033 1864 et
1049 1807 1135 1866 sonis

39 1892 87 1954 60.
111 1897 307 1968 regnoverst5
328 1899 397 1948 onte
413 1890 572 1968 Cecropem
585 1898 666 1948 retro
682 1889 779 1969 Ogygi
793 1887 942 1948 diluvium
962 1889 1000 1948 ob
1014 1909 1135 1969 campos

38 1976 191 2053 urbesque
213 1973 377 2034 devsetntss
395 1973 501 2034 incolis
519 1973 694 2053 regibusque
709 1975 791 2052 regio
815 1971 929 2032 deserte
953 1984 1136 2037 remenserat

37 2059 130 2118 annis
149 2061 221 2124 189.
237 2057 305 2118 totis
320 2057 413 2136 igitur
430 2059 500 2125 248.
522 2067 698 2140 separantur
711 2059 751 2118 ab·
765 2056 895 2118 invicem
911 2056 1006 2136 Ogygi
1022 2059 1136 2118 Deuca.

36 2143 193 2220 lionispne
212 2143 329 2202 nomine
347 2153 453 2204 voosu
479 2142 603 2207 diluvia.
645 2143 704 2204 Hie
718 2141 853 2204 Africani
870 2142 1039 2219 discursus,
1061 2142 1136 2206 haec

37 2229 100 2288 eius
119 2237 363 2305 argumentorum
380 2227 530 2308 pondere,
551 2247 626 2308 quae
638 2228 711 2288 licet
723 2229 804 2308 spud
818 2247 865 2287 me
878 2227 978 2306 magni
991 2229 1137 2290 momenti

39 2313 117 2372 sint:
141 2332 181 2372 ex
195 2333 230 2372 eo
243 2322 350 2374 nutare
364 2313 424 2372 fids
441 2316 607 2394 persentio,
629 2313 711 2392 quod
730 2313 880 2374 subtiliter
894 2333 950 2392 pro
970 2333 1054 2376 ruore
1063 2359 1073 2391 ,
1095 2335 1135 2375 ne

40 2397 135 2458 dicens
164 2397 282 2468 dolose,
306 2417 344 2458 ex
360 2397 522 2458 adversarii
545 2407 576 2456 et
594 2397 717 2476 propria
741 2417 794 2457 sus
821 2397 964 2456 sententia
989 2399 1135 2478 impetens

40 2482 186 2561 Georgius
206 2482 427 2560 adversarium,
448 2491 484 2542 ut
502 2489 675 2559 argumento
691 2479 730 2540 ad
747 2479 917 2555 hominem,
941 2484 1020 2559 quod
1038 2483 1135 2560 aiunt,

39 2567 206 2648 composito
227 2567 368 2628 conficiat
387 2567 552 2644 hominem,
575 2565 657 2645 quod
675 2566 785 2646 partim
807 2563 1001 2642 sdmittatur,
1022 2567 1135 2646 purtim

39 2652 77 2710 ab
99 2653 271 2714 odvuserio
294 2652 397 2712 debeat
415 2650 531 2729 negari,
554 2659 712 2730 proponst.
754 2651 861 2710 Lector
880 2658 1008 2708 mentem
1031 2660 1060 2710 et
1080 2650 1134 2710 do.

39 2735 101 2795 lum
117 2737 270 2814 advertet,
291 2735 365 2796 mihi
380 2736 416 2796 de
430 2737 483 2796 illo
499 2735 648 2796 monuisse
665 2735 745 2794 setis.
788 2733 831 2792 De
848 2731 969 2808 Georgii
981 2753 1135 2809 argumen-

39 2822 123 2882 tandi
152 2822 372 2884 cousuetudine
395 2821 508 2882 redibit
536 2821 643 2880 iterum
666 2839 772 2882 sermo.
825 2817 980 2876 Caeterum
1000 2817 1133 2880 Amosim
1242 2859 1244 2862 -

40 2925 108 2966 cum
118 2904 400 2986 Misphragmuthosi
415 2905 558 2967 confundi
575 2924 661 2983 posse
677 2911 779 2964 monet
794 2900 908 2964 turbor
920 2900 1019 2982 pagiu.
1032 2907 1085 2970 69.
1098 2905 1132 2970 B.

39 2989 136 3050 Huius
147 2992 238 3052 etism
255 2991 414 3072 Dynestiae
426 2992 471 3066 ,sd
486 2989 615 3052 Amosim
629 2987 726 3067 hunc,
749 2988 803 3068 qui
819 2987 905 3046 etium
918 2985 1133 3067 Misphrsgmu·

38 3075 134 3135 thosis
147 3077 220 3136 anni
234 3075 420 3138 solummodo
435 3082 486 3144 69.
500 3085 705 3136 numerantur.
741 3074 871 3136 Cbebroe
891 3074 939 3137 13.
959 3072 1132 3155 Amenopb.

38 3157 99 3218 this
114 3165 165 3227 21.
187 3161 335 3240 Amersis,
357 3162 407 3240 qui
424 3181 489 3242 pag.
504 3166 556 3228 71.
596 3161 738 3222 Aurenses
756 3159 878 3238 legitur,
899 3162 952 3224 22.
971 3157 1131 3240 Missphris

39 3249 87 3310 ts.
108 3267 224 3306 suntne
245 3251 296 3313 69.
339 3247 387 3306 Ex
407 3246 506 3306 verbis
523 3255 622 3306 tamen
641 3265 707 3326 pag.
727 3251 777 3312 71.
798 3244 834 3304 Ι).
856 3241 965 3302 clerius
985 3253 1133 3308 1111111-

39 3331 114 3390 etius
128 3330 278 3412 expressis
291 3331 388 3392 111111
402 3329 454 3391 bic
465 3331 634 3408 legendum.
656 3329 737 3412 ὁμοῦ
749 3323 809 3390 sissi
819 3319 963 3408 Ἀμάσιος
977 3326 1033 3404 ἕως
1048 3335 1133 3395 Meo.

40 3409 315 3498 φραγμονθόσεως.
359 3416 521 3476 Annorum
542 3433 663 3476 summa
688 3415 733 3474 ab'
754 3413 851 3473 Amce
872 3431 970 3492 usque
990 3413 1035 3472 ad
1053 3418 1133 3476 Min.

36 3499 305 3582 phrcgmntlsces‘m
321 3511 375 3564 eto.
415 3501 471 3562 Eis
488 3501 610 3582 Georgii
633 3497 850 3581 argumentatio
876 3499 1058 3564 commodius
1079 3501 1132 3564 sd·

41 3603 56 3641 1
77 3596 169 3650 utor.
985 3639 987 3644 .

56 3605 74 3666 P
121 3667 211 3736 Kord
225 3665 409 3755 'Awssoro's
421 3665 656 3754 1111111111]
673 3671 734 3732 Neo
749 3668 907 3732 Abicsnus
918 3690 976 3732 nco
986 3669 1132 3756 Eusebius

42 3775 77 3814 ex
88 3758 257 3836 primorum
271 3777 325 3818 sex
340 3757 390 3818 rel
407 3767 536 3838 quatuor
550 3759 711 3838 Dynsstise
729 3761 777 3824 18.
792 3775 896 3835 regum
917 3755 1061 3815 aetatibus
1080 3773 1134 3812 sn·

40 3859 146 3902 norum
162 3847 233 3911 120.
248 3863 394 3904 summam
409 3843 590 3924 compingite
612 3852 751 3924 quartum
768 3841 846 3902 enim
862 3839 962 3902 omisit
976 3835 1132 3914 Eusebius,

39 3937 189 4003 postremo
214 3927 344 3988 detraxit
364 3947 472 3990 unum:
495 3927 655 3990 Africanus
672 3927 764 4010 primi
785 3925 885 3986 nullos
905 3923 1008 4002 posuit
1027 3941 1133 3984 ennon.

38 4007 179 4074 Eusebius
190 4021 292 4072 tamen
305 4013 394 4094 primi
409 4013 544 4074 tmosios
560 4014 612 4081 25.
632 4012 790 4088 recensuit,
811 4009 944 4087 reliquos
959 4005 1133 4066 Africanus:

37 4103 70 4237 pet
88 4115 127 4156 ex
146 4096 306 4179 utriusque
319 4096 449 4180 privetis
468 4097 591 4160 calculis
611 4121 671 4162 une
685 4103 756 4166 120.
771 4111 919 4157 annorum
935 4109 1050 4150 sumna
1072 4090 1134 4150 col·

67 4188 114 4238 ots
130 4191 187 4246 111.

106 4263 181 4348 'Terg
197 4261 264 4349 ps‘.]
285 4267 512 4331 Emendsndum
524 4261 561 4331 κ’.
576 4269 609 4329 in
625 4259 679 4350 ρκ’.
693 4263 805 4344 privati
819 4279 968 4322 annorum
987 4259 1132 4340 11111111

38 4349 112 4430 regis
131 4353 246 4418 11111111
270 4354 410 4438 probent.
456 4353 589 4418 Secundi
612 4347 832 4432 unmophuts
851 4345 1004 4412 nemius
1027 4346 1132 4430 posuit
