2944 4716
254 394 331 470 650
636 395 988 470 ANNOTATIONES.

257 567 306 628 lus
321 557 482 642 Nicephori
493 555 680 622 Patriarchae
692 563 859 618 connatam
873 565 1006 636 tempus,
1027 561 1058 614 et
1072 553 1129 616 sub
1142 553 1254 635 quihus
1265 555 1361 630 vixit,

257 650 467 730 Imperatores,
488 665 552 706 non
573 663 624 704 eos
643 651 828 724 postremos,
857 643 909 722 qui
929 641 1109 722 scrupulum
1127 641 1281 719 ingerant,
1302 643 1359 702 sed

258 733 424 814 superiores
440 741 539 792 certae
553 727 687 790 veritatis
702 737 808 802 testes,
830 723 1003 787 Michaelem
1023 727 1148 786 Balbum
1166 727 1256 804 dico,
1279 727 1367 786 [οεο-ι

257 820 305 882 nia
322 816 471 891 Aranenii,
494 815 547 896 qui
560 813 767 893 Nicephorum
781 809 983 874 Petriarcham
1007 811 1207 886 exactorem,
1230 832 1361 871 succes-

257 923 371 980 sorem,
392 910 423 962 et
442 899 645 981 Theophilum
666 897 819 958 Michaelis
840 897 953 973 lilium,
981 895 1145 977 Nicephori
1166 897 1362 956 Patr-iacchus

257 989 290 1050 in
305 987 364 1048 hoo
381 1006 458 1068 opus
475 985 651 1047 sartumius
672 993 703 1043 et
722 993 834 1043 tectum
860 991 971 1042 tuetur.
1012 985 1043 1048 8.
1066 981 1174 1062 Operis
1195 980 1301 1056 huius,
1327 991 1363 1042 et

258 1073 380 1136 alterius
396 1072 540 1132 Breviorii
559 1068 703 1131 Historioi
723 1069 821 1148 stylus
841 1067 936 1143 idem,
956 1073 987 1126 et
1001 1085 1094 1144 genus
1113 1067 1245 1144 dicendi,
1263 1067 1361 1146 quale

258 1157 398 1220 aPhotio
412 1156 485 1222 cod.
498 1161 550 1225 66.
567 1153 763 1220 describitura
784 1151 875 1212 huius
890 1161 920 1211 et
932 1151 1051 1212 alteriue
1070 1151 1175 1232 operis
1191 1152 1277 1212 racha
1296 1171 1360 1211 ea-

259 1243 328 1306 ‹lem
348 1244 381 1303 in
398 1241 495 1302 titulis
518 1249 674 1319 usurpatap
701 1237 784 1298 illius
809 1229 992 1317 Νικηφόρον
1017 1231 1213 1318 Ποτριᾶρχοο
1242 1237 1359 1316 &topia

261 1325 416 1409 σύντομος,
438 1325 526 1386 huius
543 1319 718 1404 Νικηφόρον
735 1325 805 1384 ΚΠ.
820 1313 1054 1402 ὀρχιεπιοκᾶποο
1066 1324 1274 1404 χρονογραφίο
1285 1315 1358 1400 οὖν·

259 1435 366 1494 ςομοςο
387 1411 460 1470 adeo
474 1419 510 1470 ut
521 1409 639 1489 gemelli
653 1409 751 1468 foetus
771 1427 834 1468 non
850 1427 939 1467 unam
957 1407 1048 1484 magia
1067 1408 1230 1486 requirant
1249 1407 1356 1479 alvum,

260 1519 347 1578 quam
369 1494 553 1556 Historicum
574 1505 604 1555 et
627 1492 880 1568 Ghronologioum
905 1491 1091 1552 Breviarium
1110 1511 1210 1552 unum
1230 1493 1358 1552 reserant

259 1591 392 1662 putrem..
408 1579 439 1650 4.
462 1579 597 1662 Opponit
611 1579 734 1640 Vossius
754 1577 928 1638 Theodorus
947 1585 976 1636 et
997 1575 1150 1636 Michaelis
1171 1577 1207 1636 F.
1228 1588 1359 1657 tempore

260 1665 536 1748 chronographiam
551 1667 638 1736 istam
652 1664 750 1726 finiris
770 1662 886 1724 Addam
901 1681 953 1740 ego
971 1661 1009 1720 sd
1023 1661 1169 1721 Basilium
1188 1683 1287 1743 usque
1300 1663 1359 1720 hla-

260 1753 404 1812 oedonem
430 1749 566 1834 protrahi
586 1769 655 1832 pag.
680 1751 752 1816 403.
772 1749 807 1810 l).
831 1758 862 1808 et
882 1745 1081 1826 Theophanen
1102 1747 1216 1808 leonis
1239 1749 1304 1807 eius
1327 1747 1361 1806 F.

260 1837 364 1900 uxoris
383 1837 541 1898 memorari
564 1855 673 1896 nomen
695 1853 763 1916 pag.
787 1833 858 1903 405-
882 1833 922 1892 sd
942 1831 1052 1892 calcem
1075 1843 1272 1912 postremam:
1301 1833 1362 1892 vim

259 1922 453 1984 nihilosecius
472 1922 586 1983 trullam
602 1921 675 1980 lresc
690 1919 776 1980 nohis
798 1919 928 1992 inferre,¹
947 1916 999 1976 sed
1012 1917 1179 1978 recentiore
1192 1937 1282 1977 manu
1301 1939 1361 1994 ap-

259 2007 342 2088 picta
366 2007 530 2080 iudicabit,
561 2006 612 2084 qni
636 2025 782 2065 summanr
801 2002 947 2084 temporis
970 2002 1061 2062 totius
1076 2023 1093 2060 ο
1108 2003 1216 2062 mundi
1235 2002 1360 2062 conditu

259 2093 299 2154 ad
321 2092 474 2172 scriptoris
494 2100 635 2164 aetutem,
661 2088 694 2146 in
713 2085 912 2166 Theophilum
937 2087 1071 2148 desinere
1092 2109 1123 2167 p.
1147 2087 1221 2158 404.
1244 2089 1280 2148 Δ.
1297 2087 1361 2146 ani.

256 2175 444 2238 madverters
464 2195 525 2234 non
548 2171 735 2232 detrectabit.
758 2171 788 2240 6.
811 2171 1011 2247 Postremum,
1034 2193 1096 2231 non
1119 2172 1252 2232 infimam
1277 2174 1361 2247 licet,

257 2259 389 2336 suggerit
412 2257 570 2316 delineatio
592 2257 762 2336 Apparatus
781 2255 931 2318 Historiae
949 2257 1162 2338 Byzantinaea
1178 2259 1212 2318 R.
1227 2259 1260 2316 P.
1277 2257 1360 2316 Phi·
1459 2257 1460 2268 ¹

256 2343 342 2424 lippo
358 2343 455 2405 Labbe
469 2342 595 2420 digesta:
620 2341 719 2402 Verbo
732 2341 927 2422 Nicephorus.
956 2343 994 2402 In
1006 2341 1133 2402 dubium
1146 2339 1274 2422 qnidam
1288 2353 1356 2400 tra-

256 2428 349 2503 tuns,
372 2429 495 2486 ansius
516 2425 688 2507 (Nicephori
704 2427 759 2490 ΟΡ.
774 2423 975 2509 Patriarchae)
997 2431 1054 2502 sit,
1077 2449 1153 2507 quoe
1166 2427 1358 2495 Graecala.

257 2515 379 2592 tiaeque
389 2511 474 2572 edito
489 2523 533 2572 est
550 2512 772 2592 Olsronologia:
791 2509 847 2572 aed
850 2513 1046 2590 facillimum
1053 2513 1128 2590 snit'
1136 2525 1196 2572 tres
1212 2523 1359 2593 quotuor-

257 2619 294 2660 νο
315 2600 512 2678 Imperatores
535 2608 564 2656 st
586 2598 792 2660 patriarchas
821 2596 866 2660 ad
886 2598 1033 2658 Plautium
1055 2619 1152 2679 usque
1172 2609 1201 2656 st
1224 2609 1362 2678 temporo

257 2683 422 2754 Anastaas'i
439 2682 676 2746 Bibliotheoars's‘
698 2681 882 2764 adiungere,
911 2679 1169 2762 quemadmodum
1195 2683 1273 2746 aliis
1294 2685 1360 2763 ple.

259 2774 361 2850 risqroe
375 2769 575 2849 scriptoribus
591 2767 722 2828 occidite
745 2769 849 2848 Neque
868 2789 937 2828 euro
951 2789 988 2828 ea
1003 2767 1040 2828 ds
1059 2791 1092 2828 re
1113 2767 1266 2846 umbrifera
1281 2772 1360 2828 sisset

259 2857 454 2934 imposterum
483 2855 651 2918 Anastasis·
674 2853 911 2914 Bibliotkeearii
938 2851 983 2914 ad
1009 2853 1158 2914 Ioannem
1180 2858 1358 2914 Diaoomsm
1457 2905 1458 2914 ,

255 2941 427 3026 praefatio,
450 2941 484 3002 irs
499 2959 563 3020 qua
576 2939 653 3000 haec
663 2939 805 3018 leguntur
809 2959 888 3018 pag.
899 2941 929 3005 8.
947 2936 1033 3004 Edit.
1049 2939 1177 3018 Regiae.
1199 2939 1275 3000 Huic
1289 2959 1360 2998 sane
1457 2969 1458 3014 l

257 3021 344 3101 operi
371 3032 471 3084 ratum
502 3024 578 3084 duxi
611 3025 645 3086 B.
673 3022 836 3105 Nicephori
864 3025 1189 3105 constantinopolitani
1217 3025 1360 3106 Episcopi

259 3107 534 3190 Chronogrsphiem
559 3129 757 3192 praeponere:
787 3117 824 3170 ut
851 3109 982 3184 scilicet,
1011 3117 1042 3170 et
1062 3129 1101 3170 ex
1125 3129 1159 3170 ee
1182 3111 1280 3192 possis
1303 3111 1359 3168 ali-

258 3195 403 3271 quantula
424 3215 562 3274 carpere,
591 3203 622 3254 et
646 3193 741 3254 sicubi
766 3193 902 3254 lomariis
922 3193 981 3254 hao
999 3195 1147 3256 utendum
1168 3193 1355 3269 iudicaretis,

210 3335 214 3346 ,
257 3287 341 3338 tuam
362 3299 425 3338 non
446 3281 539 3339 lateat
560 3280 683 3340 omnino
703 3277 850 3341 notitiam.
893 3277 974 3338 Haec
996 3280 1169 3340 Anastasius
1192 3279 1354 3360 Nicephoro

258 3379 390 3441 supper,
411 3373 441 3422 et
456 3364 493 3422 de
514 3363 677 3445 Nicephori
693 3362 938 3444 chronographia
955 3365 1057 3440 testis,
1080 3374 1110 3424 et
1131 3365 1230 3426 omnis
1253 3364 1355 3426 ‹leilla

258 3447 478 3508 controversias
492 3447 585 3510 iudex
600 3470 677 3530 pene
694 3449 793 3510 dicam
812 3469 976 3530 supremus.
1017 3449 1065 3510 Ad
1085 3469 1246 3529 quemnam
1266 3469 1355 3530 porro

256 3531 382 3591 limitem
397 3531 560 3612 Nicephori
580 3537 720 3596 ‘exomret
732 3533 975 3614 Chronogrephia
999 3534 1220 3612 sciscitantem,
1241 3537 1278 3594 ad
1300 3534 1356 3594 ati.

257 3615 368 3678 chaelis
389 3617 474 3680 Balbi
495 3627 680 3698 postremum
700 3629 730 3684 et
747 3619 827 3680 Theo
850 3619 905 3680 hili
921 3620 1054 3700 primum
1074 3619 1164 3682 docet
1184 3621 1287 3682 titulus
1307 3619 1358 3679 his

257 3703 374 3780 verbis,
396 3700 480 3788 μέχρι
501 3693 619 3785 χρόιῖοον
641 3699 767 3785 Μιχαὴλ
789 3639 1015 3784 eol-Osooltou
1037 3703 1112 3768 οἱοῦ
1135 3700 1254 3781 αὐτοῦ.
1273 3715 1305 3767 et
1321 3705 1360 3765 asl

256 3785 352 3868 ipsius
374 3787 537 3870 Nicephori
560 3807 670 3848 anuum
695 3789 777 3850 vites
799 3791 940 3850 ultimum
964 3811 1026 3850 non
1041 3790 1159 3854 addere.
1206 3791 1314 3854 Paucis
1330 3799 1360 3850 at

257 3873 348 3932 eertis
362 3893 539 3954 responsum
553 3873 613 3935 hoc
627 3873 761 3939 fulcitur.
797 3873 887 3950 Anno
903 3875 1065 3956 Nicephori
1080 3876 1265 3954 logothetae
1276 3879 1357 3938 Rom.

256 3957 333 4039 lmp.
349 3969 472 4037 quarto,
493 3959 575 4040 quia
591 3959 703 4020 Christi
717 3959 811 4019 natali
830 3964 904 4028 798.
923 3961 1005 4040 apud
1021 3959 1256 4042 Theophanem,
1278 3961 1359 4043 apud

256 4041 420 4104 Beroninm
435 4053 465 4104 st
485 4065 625 4124 sequaoes
648 4043 760 4104 Christi
775 4044 908 4106 eiusdem
924 4050 995 4114 806.
1016 4057 1208 4125 numeratur,
1230 4058 1262 4108 et
1276 4047 1359 4108 indi·

257 4127 420 4196 ctione14.
435 4129 586 4208 signatur,
608 4128 688 4192 circe
706 4129 857 4192 Paschatis
872 4131 1089 4192 solemnitatem
1112 4131 1264 4214 (Tarssius
1280 4131 1357 4193 enim

256 4209 409 4271 Februarii
430 4215 483 4280 26.
505 4215 583 4276 diem
601 4215 744 4276 ultimum
764 4215 897 4290 obierat,
918 4226 949 4276 et
971 4217 1009 4277 ds
1025 4216 1197 4285 Patriarcha
1221 4218 1357 4298 eligendo

256 4295 410 4352 contentio
429 4315 490 4356 non
508 4299 666 4360 mediocris
683 4299 862 4379 intercessit)
884 4301 1069 4382 Nicephorus
1080 4323 1171 4384 penas
1193 4301 1358 4384 Imperato-

256 4391 319 4436 rem
332 4391 349 4430 a
364 4377 500 4458 Sacratis,
521 4383 627 4450 relicto
643 4383 765 4460 Palatio,
781 4385 819 4450 sd
835 4385 1076 4455 Ecclesiastioum
1089 4389 1354 4468 ordmemmigrar,
1453 4405 1454 4426 ο
