2860 4714
400 351 460 421 ET
478 349 832 422 sunousulousss.
1059 397 1062 404 -
1091 341 1168 422 85⁷

60 517 306 590 componuntur,
329 506 466 571 diversus
479 517 524 570 est
538 510 679 587 omnino,
701 531 788 592 quens
801 509 922 572 duthor
936 511 988 572 hic
1006 512 1168 594 protestet
1187 515 1189 522 '

61 595 188 654 solertes·
201 593 347 674 explicet,
370 615 514 676 quemque
527 596 565 655 sd
575 595 791 657 Hebrsiconsm
804 597 951 658 mensium
964 607 1112 660 servatum
1127 599 1165 660 sb

59 700 96 738 eo
112 699 248 738 normsm
265 679 386 740 brevius
402 681 433 739 in
447 679 578 741 medium
592 681 717 741 sdduco.
753 683 900 745 Reseratis
918 683 994 743 coeti
1007 684 1166 746 estes-sctis

58 785 117 846 per
129 765 294 824 continuos
306 765 501 845 quadraginta
515 767 579 826 dies
594 788 610 826 s
628 766 697 826 Msii
714 773 764 834 20.
787 769 836 827 die
852 769 1007 828 uominico
1022 769 1108 828 litere
1123 769 1162 834 G.

59 859 181 927 notsto,
204 849 243 910 sd
257 851 337 910 lunii
351 855 401 920 28.
416 851 545 932 copiosis
559 851 704 911 imbribus
717 851 865 912 inundste'
876 863 920 912 est
934 863 1022 916 terre.
1064 856 1166 916 Faces

59 945 105 993 eet
118 935 237 1016 pluvia
258 957 351 1016 super
375 947 485 996 terrum
504 938 555 1002 40.
576 935 681 996 diebus
702 947 731 994 et
752 938 803 1002 40.
825 938 972 1000 noctibus.
1008 939 1113 999 Genus.
1129 943 1163 1008 7.

58 1040 88 1081 v.
103 1025 155 1088 12.
199 1020 333 1097 Exinde,
361 1042 436 1101 quse
451 1021 593 1082 dutltoris
608 1043 690 1082 mens
709 1032 754 1082 est
769 1023 907 1103 propris,
931 1032 1050 1082 centum
1065 1034 1094 1084 et
1109 1023 1164 1083 de-

59 1125 123 1164 cem
140 1105 205 1165 dies
218 1108 369 1166 numersti
384 1116 470 1184 sunt,
493 1107 599 1166 siunii
615 1107 758 1166 nimirum
775 1111 823 1174 28.
840 1108 878 1166 ed
892 1107 1031 1167 Octobris
1052 1113 1101 1175 16.
1114 1107 1164 1170 vei

60 1199 94 1250 ut
105 1191 280 1270 scsipturae
293 1193 520 1251 convenientius
534 1193 652 1272 loquar,
677 1215 692 1250 e
708 1193 808 1273 primo
822 1193 938 1254 ruentis
953 1193 985 1251 in
1001 1201 1095 1252 terres
1108 1191 1164 1252 im.

58 1275 122 1336 istis
140 1275 191 1335 die
203 1277 274 1336 unii
287 1283 336 1343 20.
352 1278 390 1336 ad
403 1277 542 1336 Octobris
556 1283 605 1344 16.
624 1287 742 1338 centum
757 1287 787 1338 et
801 1277 1016 1358 quinqusgints
1031 1286 1103 1338 sunt
1117 1277 1164 1336 in·

58 1361 198 1422 senentis
219 1371 290 1442 post
305 1362 445 1423 ultimum
464 1383 592 1443 quorum
611 1363 738 1429 limitem
760 1384 854 1444 squee
871 1372 1037 1444 coeperunt
1063 1362 1164 1422 immi·

58 1447 113 1506 uui
137 1465 175 1506 sc
199 1446 361 1526 subsidere.
404 1450 613 1527 Reversaeque
635 1459 708 1507 eunt
731 1469 831 1528 oquae
851 1447 889 1506 de
915 1460 997 1507 terra
1019 1459 1119 1508 euntes
1134 1456 1165 1506 et

58 1531 237 1595 redeuntes.-
258 1544 286 1590 et
308 1545 464 1614 coeperunt
485 1535 587 1591 minui
603 1544 677 1613 poet
697 1546 817 1592 eentum
836 1535 1067 1614 quinquaginta
1088 1531 1163 1596 dies.

58 1617 169 1678 Genes.
187 1621 216 1683 8.
231 1637 259 1679 v.
275 1621 305 1684 3.
336 1619 405 1678 Erst
419 1617 583 1678 Octobsilis
608 1619 660 1678 ilie
677 1613 726 1684 1¹6.
743 1617 806 1678 dies
824 1616 1025 1677 hebdomades
1047 1619 1164 1694 tertius,

59 1705 113 1782 qui
128 1702 235 1762 Mentis
248 1702 334 1764 litere
348 1703 382 1766 B.
401 1705 545 1782 signatus.
588 1703 746 1782 Subiungit
763 1703 858 1762 Moses
872 1723 901 1764 v.
918 1703 948 1769 4.
990 1705 1164 1782 Requievit·

60 1809 119 1868 que
141 1809 218 1846 arca
232 1809 332 1846 mense
352 1793 494 1868 septimo,
517 1789 658 1849 vicesimo
673 1790 941 1870 septimusomne,
964 1808 1057 1868 super
1073 1809 1163 1848 mon·

58 1884 101 1930 tes
116 1871 292 1933 Arnuniae.
328 1873 457 1934 Mensem
472 1875 561 1934 illum
577 1873 752 1954 septimum,
774 1895 836 1933 non
857 1894 875 1932 s
897 1873 995 1954 ptimo
1017 1891 1164 1952 equorum

57 1957 166 2040 iopen,
187 1959 241 2018 sed
252 1960 289 2018 sb
303 1959 411 2023 ultimo
425 1967 494 2040 post
511 1959 706 2040 quedrsgints
722 1959 786 2019 dies
802 1977 888 2018 cesus
909 1977 1011 2018 esrum
1034 1957 1164 2042 termino

57 2053 151 2124 putat
173 2043 291 2104 Anthou
312 2045 467 2124 Georgius.
510 2045 538 2104 ls
560 2054 606 2104 est
619 2044 697 2104 lunii
713 2047 762 2112 28.
785 2066 801 2104 s
822 2065 883 2124 quo
910 2044 947 2102 sd
969 2041 1098 2102 ianuarii
1112 2046 1162 2108 22.

59 2149 122 2206 quo
138 2149 206 2188 arcs
221 2129 392 2188 consedisse
406 2139 565 2206 narretur,
587 2129 726 2190 ducentis
741 2139 771 2189 et
785 2139 854 2189 octo
869 2128 974 2188 diebus
988 2126 1163 2202 numerstis,

60 2223 88 2272 et
100 2215 134 2272 in
156 2215 337 2274 tsicenerios
357 2233 471 2274 menses
485 2215 604 2290 divisis,
626 2215 756 2274 ianuarii
770 2215 918 2274 secundus
938 2223 968 2273 et
990 2211 1163 2292 vigesimus,

59 2319 115 2358 nec
129 2319 195 2359 non
217 2299 338 2380 septimi
356 2299 510 2360 abeodem
533 2309 684 2359 momento
702 2299 880 2360 numerandi
902 2298 1011 2360 mensis
1033 2307 1158 2358 octavus
1175 2292 1209 2354 V.
1224 2297 1259 2358 i·

60 2405 148 2464 suprs
166 2383 345 2464 vigesimum
366 2403 430 2446 esse
445 2385 656 2465 comperitur,
678 2393 708 2443 et
723 2383 828 2444 eodem
850 2385 990 2460 ineunte,
1012 2382 1164 2464 completo

61 2471 204 2530 videlicet
218 2469 362 2548 vigesimo
376 2471 519 2551 septimo,
543 2469 689 2529 Geneseos
704 2469 804 2528 verbis
817 2479 918 2548 specte
931 2469 1089 2544 celebrsto,
1108 2487 1164 2526 er·

64 2575 127 2613 cem
145 2575 186 2614 ex
202 2553 348 2614 Authoris
370 2555 514 2615 sententis
533 2554 714 2633 requievisse
731 2573 912 2613 asseremuss
935 2553 981 2614 vel
1005 2563 1085 2611 certe
1104 2549 1163 2610 hac

65 2648 404 2806 {iiiiiiniiiiiss
427 2631 1163 2804 {tumtttttttntffntttittttttttt

65 2807 179 2869 chaeac
203 2821 234 2870 et
246 2809 347 2889 tybi,
369 2812 454 2870 cuius
471 2811 629 2888 vigesimus
653 2830 688 2867 nc
709 2807 850 2888 septimus
866 2807 930 2865 dies
952 2802 1107 2864 concussit
1128 2801 1162 2864 iu

63 2892 200 2954 Hebraici
216 2897 326 2954 Sabbet
340 2895 523 2954 neomeniem
540 2905 570 2954 et
585 2893 711 2952 Romani
728 2891 857 2952 ianuarii
872 2897 922 2958 22.
938 2889 1005 2966 hic,
1028 2890 1161 2968 inquens,

67 2980 137 3059 'tybi
151 2981 369 3061 Aegyptiacus,
392 3001 459 3040 cum
473 3001 489 3038 s
505 2981 554 3046 40.
571 2978 817 3039 dierumdiluvio
831 2977 871 3036 sit
885 2977 993 3036 mensis
1008 2975 1162 3052 septimus,

66 3084 125 3124 non
143 3067 258 3125 insulse
278 3067 365 3144 ponit
381 3065 499 3125 Author
522 3065 584 3124 eius
609 3059 657 3124 die
681 3071 732 3131 27.
752 3063 785 3122 in
803 3061 986 3122 neomeniam
1003 3059 1111 3120 Sebbet
1132 3066 1163 3120 et

67 3149 194 3210 Ianuarii
209 3157 261 3218 22.
273 3151 424 3210 incidente
438 3169 535 3210 arcem
547 3150 579 3208 in
595 3149 750 3210 Armeniae
762 3145 914 3208 montibus
924 3145 1062 3222 haesisse,
1083 3141 1162 3203 heb·

64 3235 206 3296 domsdos
215 3280 225 3313 ,
246 3236 350 3296 subdit
365 3237 436 3311 ille,
459 3237 507 3296 die
523 3236 665 3308 secundo,
687 3237 788 3294 Lenes
801 3233 944 3294 nimirum
958 3232 1050 3306 dicto,
1072 3230 1162 3289 cuius

63 3321 159 3383 littera
174 3321 212 3380 G.
225 3322 387 3400 eodemque
401 3321 449 3381 die
463 3322 577 3380 detecte
592 3321 682 3379 fuisse
693 3319 840 3379 montium
855 3317 1009 3377 cacumine
1023 3315 1162 3378 referun-

63 3415 107 3468 tur
126 3425 222 3468 versu
244 3407 273 3472 5.
317 3407 363 3466 Ae
381 3427 450 3466 vero
470 3405 678 3486 aquue'ibant
698 3415 726 3464 et
748 3403 969 3478 decrescebant,
998 3422 1095 3481 usque
1115 3393 1164 3460 ad
1187 3411 1190 3418 '

64 3492 213 3552 decimum
233 3511 377 3568 nun-sens,
399 3489 549 3572 (Sabbet)
573 3489 688 3550 decimo
709 3493 789 3549 enim
803 3511 915 3565 mense,
937 3483 973 3571 (a
988 3487 1079 3547 Nissn
1096 3483 1161 3564 psi·

65 3577 120 3660 mo)
131 3581 243 3658 prima
258 3577 308 3636 die
322 3580 434 3636 usensis
450 3575 583 3658 (sabbas)
598 3586 809 3656 apparuerunt
823 3577 986 3633 eacumina
1000 3573 1160 3632 montium.

69 3662 234 3724 dlanusrii
251 3683 342 3744 porro
358 3664 490 3723 secundo
505 3681 596 3742 supro
615 3662 806 3739 vigesimum,
828 3659 893 3720 eliis
907 3659 957 3725 40.
979 3657 1084 3716 diebus
1101 3673 1160 3712 cx·
1236 3708 1242 3721 ,

67 3751 153 3822 sctis,
183 3749 284 3808 emisit
304 3748 367 3808 Noe
386 3768 509 3808 corvum
538 3767 577 3806 ex
604 3767 689 3806 eroso
716 3749 843 3807 senentes
863 3743 965 3805 Martii
987 3741 1036 3801 die
1058 3738 1159 3810 testie,

65 3831 265 3895 hebdomados
285 3835 429 3916 septimo,
460 3831 544 3892 cuius
563 3832 664 3892 littera
681 3833 715 3894 B.
735 3841 779 3892 est
799 3839 880 3892 note.
924 3829 1001 3887 Tum
1020 3825 1066 3884 bis
1085 3819 1160 3880 emi·

67 3922 100 3979 sit
114 3919 297 3995 columbum,
319 3919 418 3979 Martii
434 3917 576 3978 videlicet
589 3919 638 3982 10.
657 3927 685 3977 et
702 3923 750 3984 17.
763 3935 798 3976 ec
811 3911 1002 3996 postmodum
1018 3910 1069 3976 25.
1082 3925 1159 3965 neo·

67 4007 173 4066 menise
186 4005 280 4064 Nisan
293 4005 401 4065 comite
413 4005 605 4064 illucescente
617 4003 778 4083 conspexit
789 4019 879 4079 aquas
891 3995 1076 4058 imminutus:
1087 3993 1159 4070 pri·

67 4111 109 4150 no
122 4112 237 4166 mense,
255 4093 360 4169 prima
379 4087 429 4149 die
442 4091 571 4164 mensis,
593 4086 689 4171 (quse
704 4107 783 4147 enno
794 4081 943 4145 ¹renouato
955 4077 1158 4138 hebdomades

67 4177 133 4238 tens
147 4177 281 4244 secunde
296 4171 352 4260 est)
365 4179 543 4234 imminutae
554 4183 628 4233 sunt
641 4195 741 4255 aquae
754 4179 979 4250 superterram.
1008 4163 1157 4229 Genessd.

67 4281 94 4320 v.
111 4265 158 4330 13.
190 4261 263 4322 Maii
278 4262 397 4322 densum
412 4267 463 4328 20.
478 4259 529 4340 qui
546 4269 666 4321 notetus
687 4259 786 4318 littera
799 4255 835 4322 G.
851 4263 882 4312 et
892 4247 1095 4342 hebdomsdos
1109 4265 1160 4307 se-

67 4351 192 4424 cundus,
206 4349 312 4409 solitae
324 4367 392 4409 suae
408 4345 539 4407 eiecitsti
554 4341 631 4405 vidit
644 4345 707 4406 Noe
722 4340 890 4403 restitutssn
903 4347 1023 4400 terrem.
1060 4333 1160 4396 sunu
