<?xml version="1.0" encoding="UTF-8"?>
<!DOCTYPE html PUBLIC "-//W3C//DTD XHTML 1.0 Transitional//EN"
    "http://www.w3.org/TR/xhtml1/DTD/xhtml1-transitional.dtd">
<html xmlns="http://www.w3.org/1999/xhtml" xml:lang="en" lang="en">
 <head>
  <title>
</title>
<meta http-equiv="Content-Type" content="text/html;charset=utf-8" />
  <meta name='ocr-system' content='tesseract 3.04.00' />
  <meta name='ocr-capabilities' content='ocr_page ocr_carea ocr_par ocr_line ocrx_word'/>
</head>
<body>
  <div class='ocr_page' id='page_1' title='image "./corpusscriptoru15niebgoog_0017.png"; bbox 0 0 2960 4716; ppageno 0'>
   <div class='ocr_carea' id='block_1_1' title="bbox 276 351 989 426">
    <p class='ocr_par' dir='ltr' id='par_1_1' title="bbox 276 351 989 426">
     <span class='ocr_line' id='line_1_1' title="bbox 276 351 989 426; baseline -0.003 -2"><span class='ocrx_word' id='word_1_1' title='bbox 276 351 301 424; x_wconf 80' lang='lat'>4</span> <span class='ocrx_word' id='word_1_2' title='bbox 653 353 697 425; x_wconf 83' lang='lat' dir='ltr'><strong>G.</strong></span> <span class='ocrx_word' id='word_1_3' title='bbox 718 354 760 424; x_wconf 91' lang='lat' dir='ltr'><strong>G.</strong></span> <span class='ocrx_word' id='word_1_4' title='bbox 781 353 989 426; x_wconf 82' lang='lat' dir='ltr'><strong>BREDOVII</strong></span> 
     </span>
    </p>
   </div>
   <div class='ocr_carea' id='block_1_2' title="bbox 277 487 1473 768">
    <p class='ocr_par' dir='ltr' id='par_1_2' title="bbox 277 487 1473 768">
     <span class='ocr_line' id='line_1_2' title="bbox 277 487 1375 636; baseline -0.002 -58"><span class='ocrx_word' id='word_1_5' title='bbox 277 515 479 596; x_wconf 86' lang='lat' dir='ltr'><strong>magistratum</strong></span> <span class='ocrx_word' id='word_1_6' title='bbox 499 512 634 636; x_wconf 60' lang='lat' dir='ltr'><strong>inierlunt</strong></span> <span class='ocrx_word' id='word_1_7' title='bbox 648 487 785 574; x_wconf 63' lang='lat' dir='ltr'><strong>Caldndis</strong></span> <span class='ocrx_word' id='word_1_8' title='bbox 796 513 1022 596; x_wconf 87' lang='lat' dir='ltr'><strong>Septembribus</strong></span> <span class='ocrx_word' id='word_1_9' title='bbox 1043 511 1218 598; x_wconf 77' lang='lat' dir='ltr'><strong>(Dionysius</strong></span> <span class='ocrx_word' id='word_1_10' title='bbox 1237 511 1375 576; x_wconf 83' lang='lat' dir='ltr'><strong>Halicar-</strong></span> 
     </span>
     <span class='ocr_line' id='line_1_3' title="bbox 277 597 1473 768; baseline -0.001 -23"><span class='ocrx_word' id='word_1_11' title='bbox 277 597 609 768; x_wconf 40' lang='lat' dir='ltr'><strong>uastsshgssgrbaioegs</strong></span> <span class='ocrx_word' id='word_1_12' title='bbox 628 681 747 762; x_wconf 90' lang='lat' dir='ltr'><strong>quidem</strong></span> <span class='ocrx_word' id='word_1_13' title='bbox 771 679 842 741; x_wconf 80' lang='lat' dir='ltr'><strong>ludi</strong></span> <span class='ocrx_word' id='word_1_14' title='bbox 866 683 1017 763; x_wconf 75' lang='lat' dir='ltr'><em>Olympici</em></span> <span class='ocrx_word' id='word_1_15' title='bbox 1043 682 1104 742; x_wconf 89' lang='lat' dir='ltr'><strong>iam</strong></span> <span class='ocrx_word' id='word_1_16' title='bbox 1131 692 1226 743; x_wconf 92' lang='lat' dir='ltr'><strong>aetate</strong></span> <span class='ocrx_word' id='word_1_17' title='bbox 1246 684 1374 764; x_wconf 77' lang='lat' dir='ltr'><strong>Lycurgi</strong></span> <span class='ocrx_word' id='word_1_18' title='bbox 1472 665 1473 668; x_wconf 8' lang='grc' dir='ltr'><strong>Ἴ</strong></span> 
     </span>
    </p>
   </div>
   <div class='ocr_carea' id='block_1_3' title="bbox 275 766 1473 1018">
    <p class='ocr_par' dir='ltr' id='par_1_3' title="bbox 275 766 1473 1018">
     <span class='ocr_line' id='line_1_4' title="bbox 276 766 1473 848; baseline -0.002 -18"><span class='ocrx_word' id='word_1_19' title='bbox 276 769 355 832; x_wconf 74' lang='lat' dir='ltr'><strong>(circa</strong></span> <span class='ocrx_word' id='word_1_20' title='bbox 373 791 399 831; x_wconf 90' lang='lat' dir='ltr'><strong>a.</strong></span> <span class='ocrx_word' id='word_1_21' title='bbox 422 773 492 835; x_wconf 89' lang='grc'>888.</span> <span class='ocrx_word' id='word_1_22' title='bbox 511 778 578 828; x_wconf 87' lang='lat' dir='ltr'><strong>ante</strong></span> <span class='ocrx_word' id='word_1_23' title='bbox 595 767 664 828; x_wconf 87' lang='lat' dir='ltr'><strong>Chr.</strong></span> <span class='ocrx_word' id='word_1_24' title='bbox 677 788 708 828; x_wconf 91' lang='lat' dir='ltr'><strong>n.</strong></span> <span class='ocrx_word' id='word_1_25' title='bbox 727 766 981 846; x_wconf 88' lang='lat' dir='ltr'><strong>quinquennales,</strong></span> <span class='ocrx_word' id='word_1_26' title='bbox 1003 777 1092 848; x_wconf 87' lang='lat' dir='ltr'><strong>atqua</strong></span> <span class='ocrx_word' id='word_1_27' title='bbox 1105 767 1144 828; x_wconf 89' lang='lat' dir='ltr'><strong>ad</strong></span> <span class='ocrx_word' id='word_1_28' title='bbox 1166 769 1375 848; x_wconf 83' lang='lat' dir='ltr'><strong>plenilunium,</strong></span> <span class='ocrx_word' id='word_1_29' title='bbox 1472 825 1473 828; x_wconf 74' lang='grc'>,</span> 
     </span>
     <span class='ocr_line' id='line_1_5' title="bbox 275 852 1473 935; baseline -0.003 -21"><span class='ocrx_word' id='word_1_30' title='bbox 275 855 358 934; x_wconf 85' lang='lat' dir='ltr'><strong>quod</strong></span> <span class='ocrx_word' id='word_1_31' title='bbox 380 854 547 916; x_wconf 87' lang='lat' dir='ltr'><strong>solstitium</strong></span> <span class='ocrx_word' id='word_1_32' title='bbox 557 853 701 913; x_wconf 87' lang='lat' dir='ltr'><strong>aestivum</strong></span> <span class='ocrx_word' id='word_1_33' title='bbox 715 852 902 932; x_wconf 72' lang='lat' dir='ltr'><strong>sequebatur,</strong></span> <span class='ocrx_word' id='word_1_34' title='bbox 923 853 1079 913; x_wconf 86' lang='lat' dir='ltr'><strong>constituti</strong></span> <span class='ocrx_word' id='word_1_35' title='bbox 1092 863 1186 930; x_wconf 87' lang='lat' dir='ltr'><strong>eraut,</strong></span> <span class='ocrx_word' id='word_1_36' title='bbox 1207 853 1324 935; x_wconf 86' lang='lat' dir='ltr'><strong>iamque</strong></span> <span class='ocrx_word' id='word_1_37' title='bbox 1339 853 1376 912; x_wconf 88' lang='lat' dir='ltr'><strong>ab</strong></span> <span class='ocrx_word' id='word_1_38' title='bbox 1472 923 1473 928; x_wconf 7' lang='grc' dir='ltr'>ἵ</span> 
     </span>
     <span class='ocr_line' id='line_1_6' title="bbox 277 937 1473 1018; baseline -0.003 -17"><span class='ocrx_word' id='word_1_39' title='bbox 277 961 305 1001; x_wconf 84' lang='lat' dir='ltr'><strong>a.</strong></span> <span class='ocrx_word' id='word_1_40' title='bbox 321 945 393 1006; x_wconf 88' lang='grc'><strong>777.</strong></span> <span class='ocrx_word' id='word_1_41' title='bbox 409 939 538 1001; x_wconf 78' lang='lat' dir='ltr'><strong>victores</strong></span> <span class='ocrx_word' id='word_1_42' title='bbox 555 937 707 1018; x_wconf 80' lang='lat' dir='ltr'><strong>Olympici</strong></span> <span class='ocrx_word' id='word_1_43' title='bbox 721 937 754 996; x_wconf 89' lang='lat' dir='ltr'><strong>in</strong></span> <span class='ocrx_word' id='word_1_44' title='bbox 768 937 878 996; x_wconf 83' lang='lat' dir='ltr'><strong>tabulis</strong></span> <span class='ocrx_word' id='word_1_45' title='bbox 888 937 980 998; x_wconf 85' lang='lat' dir='ltr'><strong>sacris</strong></span> <span class='ocrx_word' id='word_1_46' title='bbox 995 939 1274 999; x_wconf 73' lang='lat' dir='ltr'><strong>conscribebantur:</strong></span> <span class='ocrx_word' id='word_1_47' title='bbox 1297 948 1378 998; x_wconf 88' lang='lat' dir='ltr'><strong>atta-</strong></span> <span class='ocrx_word' id='word_1_48' title='bbox 1472 993 1473 1006; x_wconf 67' lang='grc'>,</span> 
     </span>
    </p>
   </div>
   <div class='ocr_carea' id='block_1_4' title="bbox 276 1021 1382 2289">
    <p class='ocr_par' dir='ltr' id='par_1_4' title="bbox 276 1021 1382 2289">
     <span class='ocr_line' id='line_1_7' title="bbox 277 1021 1378 1104; baseline -0.003 -18"><span class='ocrx_word' id='word_1_49' title='bbox 277 1043 346 1086; x_wconf 88' lang='lat' dir='ltr'><strong>men</strong></span> <span class='ocrx_word' id='word_1_50' title='bbox 363 1045 426 1084; x_wconf 88' lang='lat' dir='ltr'><strong>non</strong></span> <span class='ocrx_word' id='word_1_51' title='bbox 439 1033 508 1084; x_wconf 85' lang='lat' dir='ltr'><strong>ante</strong></span> <span class='ocrx_word' id='word_1_52' title='bbox 517 1023 681 1083; x_wconf 78' lang='lat' dir='ltr'><strong>Alexandri</strong></span> <span class='ocrx_word' id='word_1_53' title='bbox 692 1021 734 1084; x_wconf 84' lang='grc' dir='ltr'><strong>Μ.</strong></span> <span class='ocrx_word' id='word_1_54' title='bbox 750 1031 875 1082; x_wconf 80' lang='lat' dir='ltr'><strong>aetatem</strong></span> <span class='ocrx_word' id='word_1_55' title='bbox 891 1021 1028 1083; x_wconf 76' lang='lat' dir='ltr'><strong>historici</strong></span> <span class='ocrx_word' id='word_1_56' title='bbox 1044 1023 1262 1104; x_wconf 85' lang='lat' dir='ltr'><strong>Olympionicis</strong></span> <span class='ocrx_word' id='word_1_57' title='bbox 1275 1024 1313 1083; x_wconf 88' lang='lat' dir='ltr'><strong>ad</strong></span> <span class='ocrx_word' id='word_1_58' title='bbox 1327 1044 1378 1084; x_wconf 92' lang='lat' dir='ltr'><strong>res</strong></span> 
     </span>
     <span class='ocr_line' id='line_1_8' title="bbox 277 1103 1379 1191; baseline -0.001 -23"><span class='ocrx_word' id='word_1_59' title='bbox 277 1119 374 1190; x_wconf 89' lang='lat' dir='ltr'><strong>gestas</strong></span> <span class='ocrx_word' id='word_1_60' title='bbox 396 1109 569 1188; x_wconf 74' lang='lat' dir='ltr'><strong>digerendus</strong></span> <span class='ocrx_word' id='word_1_61' title='bbox 586 1108 633 1168; x_wconf 89' lang='lat' dir='ltr'><strong>usi</strong></span> <span class='ocrx_word' id='word_1_62' title='bbox 651 1115 731 1166; x_wconf 89' lang='lat' dir='ltr'><strong>sunt.</strong></span> <span class='ocrx_word' id='word_1_63' title='bbox 774 1107 944 1168; x_wconf 87' lang='lat' dir='ltr'><strong>Herodotus</strong></span> <span class='ocrx_word' id='word_1_64' title='bbox 959 1118 1096 1168; x_wconf 90' lang='lat' dir='ltr'><strong>numerat</strong></span> <span class='ocrx_word' id='word_1_65' title='bbox 1109 1103 1379 1191; x_wconf 63' lang='lat' dir='ltr'><strong>ysvsainghucy-</strong></span> 
     </span>
     <span class='ocr_line' id='line_1_9' title="bbox 279 1191 1379 1274; baseline -0.001 -20"><span class='ocrx_word' id='word_1_66' title='bbox 279 1195 365 1254; x_wconf 85' lang='lat' dir='ltr'><strong>dides</strong></span> <span class='ocrx_word' id='word_1_67' title='bbox 388 1215 483 1254; x_wconf 90' lang='lat' dir='ltr'><strong>annos</strong></span> <span class='ocrx_word' id='word_1_68' title='bbox 507 1193 580 1254; x_wconf 88' lang='lat' dir='ltr'><strong>belli</strong></span> <span class='ocrx_word' id='word_1_69' title='bbox 600 1191 860 1272; x_wconf 82' lang='lat' dir='ltr'><strong>Peloponnesiaci3</strong></span> <span class='ocrx_word' id='word_1_70' title='bbox 883 1203 912 1252; x_wconf 88' lang='lat' dir='ltr'><strong>st</strong></span> <span class='ocrx_word' id='word_1_71' title='bbox 935 1193 1131 1274; x_wconf 79' lang='lat' dir='ltr'><strong>Xenophonti</strong></span> <span class='ocrx_word' id='word_1_72' title='bbox 1157 1193 1283 1274; x_wconf 83' lang='lat' dir='ltr'><strong>(Hellen.</strong></span> <span class='ocrx_word' id='word_1_73' title='bbox 1306 1193 1379 1259; x_wconf 86' lang='lat' dir='ltr'><strong>libr.</strong></span> 
     </span>
     <span class='ocr_line' id='line_1_10' title="bbox 278 1276 1381 1358; baseline -0.003 -19"><span class='ocrx_word' id='word_1_74' title='bbox 278 1279 304 1340; x_wconf 94' lang='lat'><strong>1.</strong></span> <span class='ocrx_word' id='word_1_75' title='bbox 322 1299 349 1338; x_wconf 90' lang='lat' dir='ltr'><strong>c.</strong></span> <span class='ocrx_word' id='word_1_76' title='bbox 365 1285 402 1356; x_wconf 80' lang='lat'><strong>2,</strong></span> <span class='ocrx_word' id='word_1_77' title='bbox 423 1279 460 1339; x_wconf 91' lang='lat' dir='ltr'><strong>Il.</strong></span> <span class='ocrx_word' id='word_1_78' title='bbox 474 1300 500 1338; x_wconf 92' lang='lat' dir='ltr'><strong>c.</strong></span> <span class='ocrx_word' id='word_1_79' title='bbox 515 1276 549 1358; x_wconf 83' lang='lat'><strong>3)</strong></span> <span class='ocrx_word' id='word_1_80' title='bbox 572 1276 786 1358; x_wconf 82' lang='lat' dir='ltr'><strong>olympiadum</strong></span> <span class='ocrx_word' id='word_1_81' title='bbox 807 1279 1043 1338; x_wconf 78' lang='lat' dir='ltr'><strong>numerationem</strong></span> <span class='ocrx_word' id='word_1_82' title='bbox 1063 1277 1100 1338; x_wconf 92' lang='lat' dir='ltr'><strong>ab</strong></span> <span class='ocrx_word' id='word_1_83' title='bbox 1113 1277 1209 1338; x_wconf 86' lang='lat' dir='ltr'><strong>aliena</strong></span> <span class='ocrx_word' id='word_1_84' title='bbox 1224 1298 1313 1338; x_wconf 90' lang='lat' dir='ltr'><strong>manu</strong></span> <span class='ocrx_word' id='word_1_85' title='bbox 1325 1278 1381 1336; x_wconf 89' lang='lat' dir='ltr'><strong>in-</strong></span> 
     </span>
     <span class='ocr_line' id='line_1_11' title="bbox 279 1357 1382 1446; baseline 0 -22"><span class='ocrx_word' id='word_1_86' title='bbox 279 1373 390 1424; x_wconf 88' lang='lat' dir='ltr'><strong>sertam</strong></span> <span class='ocrx_word' id='word_1_87' title='bbox 413 1381 489 1440; x_wconf 87' lang='lat' dir='ltr'><strong>esse,</strong></span> <span class='ocrx_word' id='word_1_88' title='bbox 511 1363 560 1424; x_wconf 85' lang='lat' dir='ltr'><strong>vel</strong></span> <span class='ocrx_word' id='word_1_89' title='bbox 583 1362 654 1422; x_wconf 86' lang='lat' dir='ltr'><strong>inde</strong></span> <span class='ocrx_word' id='word_1_90' title='bbox 670 1371 768 1442; x_wconf 86' lang='lat' dir='ltr'><strong>patet,</strong></span> <span class='ocrx_word' id='word_1_91' title='bbox 790 1357 873 1443; x_wconf 82' lang='lat' dir='ltr'><strong>quod</strong></span> <span class='ocrx_word' id='word_1_92' title='bbox 886 1361 961 1424; x_wconf 88' lang='lat' dir='ltr'><strong>haec</strong></span> <span class='ocrx_word' id='word_1_93' title='bbox 982 1364 1197 1446; x_wconf 76' lang='lat' dir='ltr'><strong>olympiadum</strong></span> <span class='ocrx_word' id='word_1_94' title='bbox 1212 1383 1280 1423; x_wconf 89' lang='lat' dir='ltr'><strong>cum</strong></span> <span class='ocrx_word' id='word_1_95' title='bbox 1293 1363 1382 1424; x_wconf 87' lang='lat' dir='ltr'><strong>aunis</strong></span> 
     </span>
     <span class='ocr_line' id='line_1_12' title="bbox 278 1447 1380 1530; baseline -0.002 -22"><span class='ocrx_word' id='word_1_96' title='bbox 278 1447 505 1527; x_wconf 87' lang='lat' dir='ltr'><strong>Xenophonteis</strong></span> <span class='ocrx_word' id='word_1_97' title='bbox 524 1447 705 1530; x_wconf 87' lang='lat' dir='ltr'><strong>comparatio</strong></span> <span class='ocrx_word' id='word_1_98' title='bbox 729 1447 866 1528; x_wconf 86' lang='lat' dir='ltr'><strong>sibiipsa</strong></span> <span class='ocrx_word' id='word_1_99' title='bbox 888 1448 1079 1525; x_wconf 83' lang='lat' dir='ltr'><strong>adversatur,</strong></span> <span class='ocrx_word' id='word_1_100' title='bbox 1102 1448 1217 1508; x_wconf 87' lang='lat' dir='ltr'><strong>etiamsi</strong></span> <span class='ocrx_word' id='word_1_101' title='bbox 1233 1449 1380 1528; x_wconf 79' lang='lat' dir='ltr'><strong>Polybius</strong></span> 
     </span>
     <span class='ocr_line' id='line_1_13' title="bbox 280 1529 1381 1614; baseline -0.001 -21"><span class='ocrx_word' id='word_1_102' title='bbox 280 1533 380 1614; x_wconf 85' lang='lat' dir='ltr'><strong>(Tem.</strong></span> <span class='ocrx_word' id='word_1_103' title='bbox 395 1533 447 1592; x_wconf 84' lang='lat'><strong>111.</strong></span> <span class='ocrx_word' id='word_1_104' title='bbox 462 1553 529 1613; x_wconf 90' lang='lat' dir='ltr'><strong>pag.</strong></span> <span class='ocrx_word' id='word_1_105' title='bbox 545 1534 597 1599; x_wconf 80' lang='lat'><strong>41.</strong></span> <span class='ocrx_word' id='word_1_106' title='bbox 613 1533 664 1599; x_wconf 78' lang='lat'><strong>42.</strong></span> <span class='ocrx_word' id='word_1_107' title='bbox 679 1531 751 1592; x_wconf 88' lang='lat' dir='ltr'><strong>edit.</strong></span> <span class='ocrx_word' id='word_1_108' title='bbox 766 1529 898 1612; x_wconf 87' lang='lat' dir='ltr'><strong>Ernesti)</strong></span> <span class='ocrx_word' id='word_1_109' title='bbox 912 1531 974 1593; x_wconf 75' lang='lat' dir='ltr'><strong>no&#39;n</strong></span> <span class='ocrx_word' id='word_1_110' title='bbox 990 1533 1209 1610; x_wconf 76' lang='lat' dir='ltr'><strong>admonuisset,</strong></span> <span class='ocrx_word' id='word_1_111' title='bbox 1231 1554 1381 1593; x_wconf 88' lang='lat' dir='ltr'><strong>annorum</strong></span> 
     </span>
     <span class='ocr_line' id='line_1_14' title="bbox 278 1615 1380 1698; baseline 0 -20"><span class='ocrx_word' id='word_1_112' title='bbox 278 1617 510 1698; x_wconf 68' lang='lat' dir='ltr'><strong>Olympicus-um</strong></span> <span class='ocrx_word' id='word_1_113' title='bbox 525 1618 620 1693; x_wconf 88' lang='lat' dir='ltr'><strong>notis,</strong></span> <span class='ocrx_word' id='word_1_114' title='bbox 642 1637 702 1676; x_wconf 89' lang='lat' dir='ltr'><strong>una</strong></span> <span class='ocrx_word' id='word_1_115' title='bbox 717 1617 787 1676; x_wconf 89' lang='lat' dir='ltr'><strong>cum</strong></span> <span class='ocrx_word' id='word_1_116' title='bbox 800 1615 986 1678; x_wconf 80' lang='lat' dir='ltr'><strong>Archontnm</strong></span> <span class='ocrx_word' id='word_1_117' title='bbox 1000 1618 1169 1678; x_wconf 86' lang='lat' dir='ltr'><strong>nominibus</strong></span> <span class='ocrx_word' id='word_1_118' title='bbox 1183 1618 1304 1698; x_wconf 84' lang='lat' dir='ltr'><strong>positis,</strong></span> <span class='ocrx_word' id='word_1_119' title='bbox 1326 1617 1380 1678; x_wconf 76' lang='lat' dir='ltr'><strong>tri-</strong></span> 
     </span>
     <span class='ocr_line' id='line_1_15' title="bbox 277 1699 1381 1784; baseline -0.001 -21"><span class='ocrx_word' id='word_1_120' title='bbox 277 1702 400 1763; x_wconf 87' lang='lat' dir='ltr'><strong>storiam</strong></span> <span class='ocrx_word' id='word_1_121' title='bbox 423 1703 554 1783; x_wconf 87' lang='lat' dir='ltr'><strong>primum</strong></span> <span class='ocrx_word' id='word_1_122' title='bbox 574 1703 727 1761; x_wconf 88' lang='lat' dir='ltr'><strong>Timaeum</strong></span> <span class='ocrx_word' id='word_1_123' title='bbox 745 1699 925 1762; x_wconf 81' lang='lat' dir='ltr'><strong>distinxisse.</strong></span> <span class='ocrx_word' id='word_1_124' title='bbox 947 1735 988 1748; x_wconf 87' lang='lat'><strong>-·</strong></span> <span class='ocrx_word' id='word_1_125' title='bbox 1009 1703 1107 1784; x_wconf 74' lang='lat' dir='ltr'><strong>Atque</strong></span> <span class='ocrx_word' id='word_1_126' title='bbox 1125 1704 1207 1784; x_wconf 90' lang='lat' dir='ltr'><strong>apud</strong></span> <span class='ocrx_word' id='word_1_127' title='bbox 1227 1705 1381 1764; x_wconf 83' lang='lat' dir='ltr'><strong>Romanos</strong></span> 
     </span>
     <span class='ocr_line' id='line_1_16' title="bbox 277 1785 1381 1869; baseline -0.002 -21"><span class='ocrx_word' id='word_1_128' title='bbox 277 1808 338 1849; x_wconf 88' lang='lat' dir='ltr'><strong>non</strong></span> <span class='ocrx_word' id='word_1_129' title='bbox 360 1788 445 1869; x_wconf 89' lang='lat' dir='ltr'><strong>prius</strong></span> <span class='ocrx_word' id='word_1_130' title='bbox 467 1807 556 1868; x_wconf 88' lang='lat' dir='ltr'><strong>quam</strong></span> <span class='ocrx_word' id='word_1_131' title='bbox 576 1785 726 1850; x_wconf 78' lang='lat' dir='ltr'><strong>Ciceronis</strong></span> <span class='ocrx_word' id='word_1_132' title='bbox 747 1795 842 1846; x_wconf 90' lang='lat' dir='ltr'><strong>aetate</strong></span> <span class='ocrx_word' id='word_1_133' title='bbox 860 1786 958 1856; x_wconf 81' lang='grc' dir='ltr'><strong>Λιιηί,</strong></span> <span class='ocrx_word' id='word_1_134' title='bbox 981 1787 1071 1846; x_wconf 75' lang='lat' dir='ltr'><strong>Urbis</strong></span> <span class='ocrx_word' id='word_1_135' title='bbox 1094 1787 1234 1847; x_wconf 82' lang='lat' dir='ltr'><strong>conditae</strong></span> <span class='ocrx_word' id='word_1_136' title='bbox 1256 1787 1381 1848; x_wconf 82' lang='lat' dir='ltr'><strong>collecti</strong></span> 
     </span>
     <span class='ocr_line' id='line_1_17' title="bbox 277 1871 1381 1952; baseline 0 -20"><span class='ocrx_word' id='word_1_137' title='bbox 277 1881 359 1948; x_wconf 91' lang='lat' dir='ltr'><strong>sunt,</strong></span> <span class='ocrx_word' id='word_1_138' title='bbox 380 1893 437 1933; x_wconf 88' lang='lat' dir='ltr'><strong>nac</strong></span> <span class='ocrx_word' id='word_1_139' title='bbox 460 1871 563 1933; x_wconf 88' lang='lat' dir='ltr'><strong>mirari</strong></span> <span class='ocrx_word' id='word_1_140' title='bbox 575 1873 658 1944; x_wconf 87' lang='lat' dir='ltr'><strong>licet,</strong></span> <span class='ocrx_word' id='word_1_141' title='bbox 684 1871 767 1951; x_wconf 90' lang='lat' dir='ltr'><strong>quod</strong></span> <span class='ocrx_word' id='word_1_142' title='bbox 781 1873 814 1930; x_wconf 91' lang='lat' dir='ltr'><strong>in</strong></span> <span class='ocrx_word' id='word_1_143' title='bbox 828 1871 1052 1949; x_wconf 87' lang='lat' dir='ltr'><strong>diligentissima</strong></span> <span class='ocrx_word' id='word_1_144' title='bbox 1069 1893 1186 1952; x_wconf 88' lang='lat' dir='ltr'><strong>qnoque</strong></span> <span class='ocrx_word' id='word_1_145' title='bbox 1200 1873 1381 1932; x_wconf 84' lang='lat' dir='ltr'><strong>collectione</strong></span> 
     </span>
     <span class='ocr_line' id='line_1_18' title="bbox 278 1955 1380 2018; baseline 0.001 -2"><span class='ocrx_word' id='word_1_146' title='bbox 278 1957 355 2016; x_wconf 88' lang='lat' dir='ltr'><strong>alius</strong></span> <span class='ocrx_word' id='word_1_147' title='bbox 369 1959 459 2017; x_wconf 89' lang='lat' dir='ltr'><strong>alium</strong></span> <span class='ocrx_word' id='word_1_148' title='bbox 475 1977 622 2017; x_wconf 85' lang='lat' dir='ltr'><strong>annorum</strong></span> <span class='ocrx_word' id='word_1_149' title='bbox 639 1975 796 2015; x_wconf 88' lang='lat' dir='ltr'><strong>numerum</strong></span> <span class='ocrx_word' id='word_1_150' title='bbox 810 1955 971 2018; x_wconf 80' lang='lat' dir='ltr'><strong>invenerit.</strong></span> <span class='ocrx_word' id='word_1_151' title='bbox 1012 1957 1109 2016; x_wconf 88' lang='lat' dir='ltr'><strong>Labor</strong></span> <span class='ocrx_word' id='word_1_152' title='bbox 1122 1957 1209 2016; x_wconf 89' lang='lat' dir='ltr'><strong>multi</strong></span> <span class='ocrx_word' id='word_1_153' title='bbox 1223 1978 1259 2016; x_wconf 88' lang='lat' dir='ltr'><strong>ac</strong></span> <span class='ocrx_word' id='word_1_154' title='bbox 1269 1958 1380 2017; x_wconf 90' lang='lat' dir='ltr'><strong>multo-</strong></span> 
     </span>
     <span class='ocr_line' id='line_1_19' title="bbox 276 2041 1381 2120; baseline -0.002 -17"><span class='ocrx_word' id='word_1_155' title='bbox 276 2061 346 2103; x_wconf 90' lang='lat' dir='ltr'><strong>rum</strong></span> <span class='ocrx_word' id='word_1_156' title='bbox 377 2043 495 2102; x_wconf 90' lang='lat' dir='ltr'><strong>sudoris</strong></span> <span class='ocrx_word' id='word_1_157' title='bbox 516 2042 592 2116; x_wconf 82' lang='lat' dir='ltr'><strong>suit,</strong></span> <span class='ocrx_word' id='word_1_158' title='bbox 620 2043 758 2099; x_wconf 80' lang='lat' dir='ltr'><strong>omnium</strong></span> <span class='ocrx_word' id='word_1_159' title='bbox 776 2041 959 2117; x_wconf 88' lang='lat' dir='ltr'><strong>Consulum,</strong></span> <span class='ocrx_word' id='word_1_160' title='bbox 988 2041 1121 2101; x_wconf 90' lang='lat' dir='ltr'><strong>omnium</strong></span> <span class='ocrx_word' id='word_1_161' title='bbox 1149 2043 1381 2120; x_wconf 81' lang='lat' dir='ltr'><strong>magistratuum</strong></span> 
     </span>
     <span class='ocr_line' id='line_1_20' title="bbox 278 2122 1381 2207; baseline -0.001 -20"><span class='ocrx_word' id='word_1_162' title='bbox 278 2122 484 2206; x_wconf 70' lang='lat' dir='ltr'><strong>inscripsere</strong></span> <span class='ocrx_word' id='word_1_163' title='bbox 506 2125 601 2202; x_wconf 89' lang='lat' dir='ltr'><strong>libris,</strong></span> <span class='ocrx_word' id='word_1_164' title='bbox 622 2125 733 2203; x_wconf 90' lang='lat' dir='ltr'><strong>linteis,</strong></span> <span class='ocrx_word' id='word_1_165' title='bbox 755 2124 961 2194; x_wconf 84' lang='lat' dir='ltr'><strong>marmoribus,</strong></span> <span class='ocrx_word' id='word_1_166' title='bbox 982 2145 1058 2204; x_wconf 86' lang='lat' dir='ltr'><strong>aare,</strong></span> <span class='ocrx_word' id='word_1_167' title='bbox 1080 2127 1219 2203; x_wconf 87' lang='lat' dir='ltr'><strong>nummis,</strong></span> <span class='ocrx_word' id='word_1_168' title='bbox 1241 2147 1276 2186; x_wconf 92' lang='lat' dir='ltr'><strong>ac</strong></span> <span class='ocrx_word' id='word_1_169' title='bbox 1291 2145 1381 2207; x_wconf 86' lang='lat' dir='ltr'><strong>saepe</strong></span> 
     </span>
     <span class='ocr_line' id='line_1_21' title="bbox 279 2209 1381 2289; baseline -0.001 -19"><span class='ocrx_word' id='word_1_170' title='bbox 279 2229 296 2270; x_wconf 90' lang='lat' dir='ltr'><strong>e</strong></span> <span class='ocrx_word' id='word_1_171' title='bbox 315 2211 393 2269; x_wconf 81' lang='lat' dir='ltr'><strong>lama</strong></span> <span class='ocrx_word' id='word_1_172' title='bbox 405 2209 577 2286; x_wconf 89' lang='lat' dir='ltr'><strong>hominum,</strong></span> <span class='ocrx_word' id='word_1_173' title='bbox 598 2211 720 2269; x_wconf 89' lang='lat' dir='ltr'><strong>nomina</strong></span> <span class='ocrx_word' id='word_1_174' title='bbox 734 2209 887 2288; x_wconf 89' lang='lat' dir='ltr'><strong>colligere,</strong></span> <span class='ocrx_word' id='word_1_175' title='bbox 899 2211 1033 2289; x_wconf 85' lang='lat' dir='ltr'><strong>quemvis</strong></span> <span class='ocrx_word' id='word_1_176' title='bbox 1048 2212 1082 2270; x_wconf 92' lang='lat' dir='ltr'><strong>in</strong></span> <span class='ocrx_word' id='word_1_177' title='bbox 1095 2213 1197 2271; x_wconf 89' lang='lat' dir='ltr'><strong>locum</strong></span> <span class='ocrx_word' id='word_1_178' title='bbox 1210 2232 1295 2271; x_wconf 89' lang='lat' dir='ltr'><strong>suum</strong></span> <span class='ocrx_word' id='word_1_179' title='bbox 1312 2211 1381 2271; x_wconf 91' lang='lat' dir='ltr'><strong>dis·-</strong></span> 
     </span>
    </p>
   </div>
   <div class='ocr_carea' id='block_1_5' title="bbox 157 2296 1382 2378">
    <p class='ocr_par' dir='ltr' id='par_1_5' title="bbox 157 2296 1382 2378">
     <span class='ocr_line' id='line_1_22' title="bbox 157 2296 1382 2378; baseline 0.001 -25"><span class='ocrx_word' id='word_1_180' title='bbox 157 2327 161 2335; x_wconf 68' lang='lat'>=</span> <span class='ocrx_word' id='word_1_181' title='bbox 278 2313 408 2378; x_wconf 87' lang='lat' dir='ltr'><strong>ponere,</strong></span> <span class='ocrx_word' id='word_1_182' title='bbox 431 2316 469 2354; x_wconf 91' lang='lat' dir='ltr'><strong>an</strong></span> <span class='ocrx_word' id='word_1_183' title='bbox 486 2304 582 2355; x_wconf 88' lang='lat' dir='ltr'><strong>totum</strong></span> <span class='ocrx_word' id='word_1_184' title='bbox 597 2313 652 2374; x_wconf 90' lang='lat' dir='ltr'><strong>per</strong></span> <span class='ocrx_word' id='word_1_185' title='bbox 671 2313 796 2370; x_wconf 88' lang='lat' dir='ltr'><strong>annum,</strong></span> <span class='ocrx_word' id='word_1_186' title='bbox 820 2313 858 2354; x_wconf 88' lang='lat' dir='ltr'><strong>an</strong></span> <span class='ocrx_word' id='word_1_187' title='bbox 871 2304 988 2376; x_wconf 89' lang='lat' dir='ltr'><strong>partem</strong></span> <span class='ocrx_word' id='word_1_188' title='bbox 1009 2296 1081 2356; x_wconf 86' lang='lat' dir='ltr'><strong>anni</strong></span> <span class='ocrx_word' id='word_1_189' title='bbox 1099 2297 1313 2377; x_wconf 85' lang='lat' dir='ltr'><strong>rempublicam</strong></span> <span class='ocrx_word' id='word_1_190' title='bbox 1328 2296 1382 2355; x_wconf 89' lang='lat' dir='ltr'><strong>ad.</strong></span> 
     </span>
    </p>
   </div>
   <div class='ocr_carea' id='block_1_6' title="bbox 277 2378 1383 2796">
    <p class='ocr_par' dir='ltr' id='par_1_6' title="bbox 277 2378 1383 2796">
     <span class='ocr_line' id='line_1_23' title="bbox 278 2378 1383 2462; baseline 0 -22"><span class='ocrx_word' id='word_1_191' title='bbox 278 2380 514 2440; x_wconf 85' lang='lat' dir='ltr'><strong>ministraverint</strong></span> <span class='ocrx_word' id='word_1_192' title='bbox 532 2378 716 2458; x_wconf 73' lang='lat' dir='ltr'><strong>comcctaai,</strong></span> <span class='ocrx_word' id='word_1_193' title='bbox 740 2399 799 2458; x_wconf 87' lang='lat' dir='ltr'><strong>quo</strong></span> <span class='ocrx_word' id='word_1_194' title='bbox 824 2379 873 2440; x_wconf 88' lang='lat' dir='ltr'><strong>die</strong></span> <span class='ocrx_word' id='word_1_195' title='bbox 888 2381 1091 2459; x_wconf 85' lang='lat' dir='ltr'><strong>magistratum</strong></span> <span class='ocrx_word' id='word_1_196' title='bbox 1105 2381 1246 2459; x_wconf 91' lang='lat' dir='ltr'><strong>inierint,</strong></span> <span class='ocrx_word' id='word_1_197' title='bbox 1271 2381 1383 2462; x_wconf 89' lang='lat' dir='ltr'><strong>quibus</strong></span> 
     </span>
     <span class='ocr_line' id='line_1_24' title="bbox 279 2463 1383 2545; baseline 0.001 -22"><span class='ocrx_word' id='word_1_198' title='bbox 279 2465 366 2524; x_wconf 87' lang='lat' dir='ltr'><strong>annis</strong></span> <span class='ocrx_word' id='word_1_199' title='bbox 382 2465 467 2524; x_wconf 89' lang='lat' dir='ltr'><strong>initia</strong></span> <span class='ocrx_word' id='word_1_200' title='bbox 482 2465 705 2544; x_wconf 82' lang='lat' dir='ltr'><strong>magistratuum</strong></span> <span class='ocrx_word' id='word_1_201' title='bbox 720 2473 833 2522; x_wconf 87' lang='lat' dir='ltr'><strong>mutata</strong></span> <span class='ocrx_word' id='word_1_202' title='bbox 848 2463 909 2524; x_wconf 91' lang='lat' dir='ltr'><strong>sint</strong></span> <span class='ocrx_word' id='word_1_203' title='bbox 923 2467 1102 2545; x_wconf 89' lang='lat' dir='ltr'><strong>conquirere</strong></span> <span class='ocrx_word' id='word_1_204' title='bbox 1119 2488 1155 2526; x_wconf 89' lang='lat' dir='ltr'><strong>ac</strong></span> <span class='ocrx_word' id='word_1_205' title='bbox 1170 2485 1286 2545; x_wconf 89' lang='lat' dir='ltr'><strong>saepes</strong></span> <span class='ocrx_word' id='word_1_206' title='bbox 1302 2485 1383 2524; x_wconf 88' lang='lat' dir='ltr'><strong>con-</strong></span> 
     </span>
     <span class='ocr_line' id='line_1_25' title="bbox 277 2549 1383 2630; baseline 0.001 -22"><span class='ocrx_word' id='word_1_207' title='bbox 277 2549 402 2610; x_wconf 88' lang='lat' dir='ltr'><strong>iecturis</strong></span> <span class='ocrx_word' id='word_1_208' title='bbox 429 2559 547 2609; x_wconf 89' lang='lat' dir='ltr'><strong>tantum</strong></span> <span class='ocrx_word' id='word_1_209' title='bbox 566 2550 748 2626; x_wconf 78' lang='lat' dir='ltr'><strong>discerner03</strong></span> <span class='ocrx_word' id='word_1_210' title='bbox 771 2549 857 2610; x_wconf 87' lang='lat' dir='ltr'><strong>labor</strong></span> <span class='ocrx_word' id='word_1_211' title='bbox 875 2549 962 2609; x_wconf 87' lang='lat' dir='ltr'><strong>multi</strong></span> <span class='ocrx_word' id='word_1_212' title='bbox 983 2551 1101 2612; x_wconf 87' lang='lat' dir='ltr'><strong>sudoris</strong></span> <span class='ocrx_word' id='word_1_213' title='bbox 1123 2551 1196 2630; x_wconf 82' lang='lat' dir='ltr'><strong>fuit,</strong></span> <span class='ocrx_word' id='word_1_214' title='bbox 1216 2550 1270 2610; x_wconf 88' lang='lat' dir='ltr'><strong>has</strong></span> <span class='ocrx_word' id='word_1_215' title='bbox 1282 2549 1383 2629; x_wconf 88' lang='lat' dir='ltr'><strong>magi-</strong></span> 
     </span>
     <span class='ocr_line' id='line_1_26' title="bbox 279 2634 1382 2716; baseline 0 -23"><span class='ocrx_word' id='word_1_216' title='bbox 279 2644 430 2694; x_wconf 89' lang='lat' dir='ltr'><strong>stratuum</strong></span> <span class='ocrx_word' id='word_1_217' title='bbox 459 2634 548 2694; x_wconf 85' lang='lat' dir='ltr'><strong>ssriea</strong></span> <span class='ocrx_word' id='word_1_218' title='bbox 569 2635 702 2714; x_wconf 90' lang='lat' dir='ltr'><strong>plurium</strong></span> <span class='ocrx_word' id='word_1_219' title='bbox 723 2635 1014 2716; x_wconf 87' lang='lat' dir='ltr'><strong>rerumpublicarum</strong></span> <span class='ocrx_word' id='word_1_220' title='bbox 1036 2639 1114 2697; x_wconf 89' lang='lat' dir='ltr'><strong>inter</strong></span> <span class='ocrx_word' id='word_1_221' title='bbox 1133 2657 1166 2698; x_wconf 90' lang='lat' dir='ltr'><strong>ss</strong></span> <span class='ocrx_word' id='word_1_222' title='bbox 1189 2636 1324 2696; x_wconf 84' lang='lat' dir='ltr'><strong>conferre</strong></span> <span class='ocrx_word' id='word_1_223' title='bbox 1342 2655 1382 2694; x_wconf 92' lang='lat' dir='ltr'><strong>ac</strong></span> 
     </span>
     <span class='ocr_line' id='line_1_27' title="bbox 279 2719 1130 2796; baseline 0.004 -19"><span class='ocrx_word' id='word_1_224' title='bbox 279 2720 444 2778; x_wconf 87' lang='lat' dir='ltr'><strong>multarum</strong></span> <span class='ocrx_word' id='word_1_225' title='bbox 460 2719 615 2779; x_wconf 89' lang='lat' dir='ltr'><strong>nationum</strong></span> <span class='ocrx_word' id='word_1_226' title='bbox 629 2739 678 2779; x_wconf 89' lang='lat' dir='ltr'><strong>res</strong></span> <span class='ocrx_word' id='word_1_227' title='bbox 692 2729 788 2796; x_wconf 86' lang='lat' dir='ltr'><strong>gestas</strong></span> <span class='ocrx_word' id='word_1_228' title='bbox 805 2720 884 2781; x_wconf 87' lang='lat' dir='ltr'><strong>inter</strong></span> <span class='ocrx_word' id='word_1_229' title='bbox 897 2740 928 2780; x_wconf 89' lang='lat' dir='ltr'><strong>ae</strong></span> <span class='ocrx_word' id='word_1_230' title='bbox 943 2721 1130 2794; x_wconf 78' lang='lat' dir='ltr'><strong>conimrgeae.</strong></span> 
     </span>
    </p>
   </div>
   <div class='ocr_carea' id='block_1_7' title="bbox 314 2895 1381 3018">
    <p class='ocr_par' dir='ltr' id='par_1_7' title="bbox 314 2895 1381 3018">
     <span class='ocr_line' id='line_1_28' title="bbox 314 2895 1381 3018; baseline 0.001 -64"><span class='ocrx_word' id='word_1_231' title='bbox 314 2899 346 2968; x_wconf 84' lang='lat'><strong>1)</strong></span> <span class='ocrx_word' id='word_1_232' title='bbox 365 2897 540 2952; x_wconf 82' lang='lat' dir='ltr'><strong>Molestissimi</strong></span> <span class='ocrx_word' id='word_1_233' title='bbox 554 2895 652 2950; x_wconf 88' lang='lat' dir='ltr'><strong>laboris</strong></span> <span class='ocrx_word' id='word_1_234' title='bbox 665 2901 715 2961; x_wconf 89' lang='lat' dir='ltr'><strong>est,</strong></span> <span class='ocrx_word' id='word_1_235' title='bbox 731 2897 884 2950; x_wconf 85' lang='lat' dir='ltr'><strong>mutationes</strong></span> <span class='ocrx_word' id='word_1_236' title='bbox 898 2895 1019 3018; x_wconf 59' lang='lat' dir='ltr'><strong>principii</strong></span> <span class='ocrx_word' id='word_1_237' title='bbox 1031 2895 1176 2951; x_wconf 81' lang='lat' dir='ltr'><strong>conmlatns</strong></span> <span class='ocrx_word' id='word_1_238' title='bbox 1187 2898 1293 2953; x_wconf 82' lang='lat' dir='ltr'><strong>Romani</strong></span> <span class='ocrx_word' id='word_1_239' title='bbox 1305 2901 1381 2955; x_wconf 80' lang='lat' dir='ltr'><strong>sbi-</strong></span> 
     </span>
    </p>
   </div>
   <div class='ocr_carea' id='block_1_8' title="bbox 347 2965 1381 3174">
    <p class='ocr_par' dir='ltr' id='par_1_8' title="bbox 347 2965 1381 3174">
     <span class='ocr_line' id='line_1_29' title="bbox 347 2965 1381 3038; baseline 0.004 -17"><span class='ocrx_word' id='word_1_240' title='bbox 347 2968 409 3031; x_wconf 81' lang='lat' dir='ltr'><strong>rio,</strong></span> <span class='ocrx_word' id='word_1_241' title='bbox 427 2965 550 3036; x_wconf 76' lang='lat' dir='ltr'><strong>Dionysio</strong></span> <span class='ocrx_word' id='word_1_242' title='bbox 564 2965 800 3030; x_wconf 65' lang='lat' dir='ltr'><strong>Halicarnasum,</strong></span> <span class='ocrx_word' id='word_1_243' title='bbox 818 2965 966 3030; x_wconf 85' lang='lat' dir='ltr'><strong>Plutarcho,</strong></span> <span class='ocrx_word' id='word_1_244' title='bbox 1007 2966 1070 3020; x_wconf 85' lang='lat' dir='ltr'><strong>aetia</strong></span> <span class='ocrx_word' id='word_1_245' title='bbox 1084 2965 1292 3038; x_wconf 88' lang='lat' dir='ltr'><strong>Triumphalibus</strong></span> <span class='ocrx_word' id='word_1_246' title='bbox 1305 2970 1381 3024; x_wconf 87' lang='lat' dir='ltr'><strong>aliia-</strong></span> 
     </span>
     <span class='ocr_line' id='line_1_30' title="bbox 348 3033 1380 3107; baseline 0.001 -16"><span class='ocrx_word' id='word_1_247' title='bbox 348 3053 399 3107; x_wconf 87' lang='lat' dir='ltr'><strong>qus</strong></span> <span class='ocrx_word' id='word_1_248' title='bbox 413 3035 535 3104; x_wconf 82' lang='lat' dir='ltr'><strong>colligere</strong></span> <span class='ocrx_word' id='word_1_249' title='bbox 552 3040 631 3104; x_wconf 87' lang='lat' dir='ltr'><strong>atque</strong></span> <span class='ocrx_word' id='word_1_250' title='bbox 650 3049 729 3086; x_wconf 81' lang='lat' dir='ltr'><strong>muca</strong></span> <span class='ocrx_word' id='word_1_251' title='bbox 751 3033 861 3104; x_wconf 87' lang='lat' dir='ltr'><strong>annique</strong></span> <span class='ocrx_word' id='word_1_252' title='bbox 875 3041 964 3105; x_wconf 86' lang='lat' dir='ltr'><strong>partes</strong></span> <span class='ocrx_word' id='word_1_253' title='bbox 981 3036 1153 3101; x_wconf 86' lang='lat' dir='ltr'><strong>constituere,</strong></span> <span class='ocrx_word' id='word_1_254' title='bbox 1176 3038 1268 3107; x_wconf 87' lang='lat' dir='ltr'><strong>quibus</strong></span> <span class='ocrx_word' id='word_1_255' title='bbox 1284 3055 1380 3092; x_wconf 84' lang='lat' dir='ltr'><strong>conve-</strong></span> 
     </span>
     <span class='ocr_line' id='line_1_31' title="bbox 348 3103 1380 3174; baseline 0.004 -16"><span class='ocrx_word' id='word_1_256' title='bbox 348 3106 406 3158; x_wconf 92' lang='lat' dir='ltr'><strong>nire</strong></span> <span class='ocrx_word' id='word_1_257' title='bbox 423 3105 566 3158; x_wconf 81' lang='lat' dir='ltr'><strong>videantur.</strong></span> <span class='ocrx_word' id='word_1_258' title='bbox 601 3103 760 3173; x_wconf 79' lang='lat' dir='ltr'><strong>Quamquam</strong></span> <span class='ocrx_word' id='word_1_259' title='bbox 783 3103 831 3155; x_wconf 89' lang='lat' dir='ltr'><strong>hoc</strong></span> <span class='ocrx_word' id='word_1_260' title='bbox 844 3103 899 3156; x_wconf 91' lang='lat' dir='ltr'><strong>loco</strong></span> <span class='ocrx_word' id='word_1_261' title='bbox 918 3105 1030 3156; x_wconf 86' lang='lat' dir='ltr'><strong>rationes</strong></span> <span class='ocrx_word' id='word_1_262' title='bbox 1048 3105 1185 3173; x_wconf 84' lang='lat' dir='ltr'><strong>probantes</strong></span> <span class='ocrx_word' id='word_1_263' title='bbox 1199 3124 1250 3161; x_wconf 92' lang='lat' dir='ltr'><strong>non</strong></span> <span class='ocrx_word' id='word_1_264' title='bbox 1262 3107 1297 3160; x_wconf 85' lang='lat' dir='ltr'><strong>ad</strong></span> <span class='ocrx_word' id='word_1_265' title='bbox 1313 3125 1380 3174; x_wconf 86' lang='lat' dir='ltr'><strong>rem,</strong></span> 
     </span>
    </p>
   </div>
   <div class='ocr_carea' id='block_1_9' title="bbox 349 3171 1380 3243">
    <p class='ocr_par' dir='ltr' id='par_1_9' title="bbox 349 3171 1380 3243">
     <span class='ocr_line' id='line_1_32' title="bbox 349 3171 1380 3243; baseline -0.001 -14"><span class='ocrx_word' id='word_1_266' title='bbox 349 3181 433 3228; x_wconf 62' lang='lat' dir='ltr'><strong>nmen</strong></span> <span class='ocrx_word' id='word_1_267' title='bbox 451 3189 501 3226; x_wconf 89' lang='lat' dir='ltr'><strong>uon</strong></span> <span class='ocrx_word' id='word_1_268' title='bbox 516 3171 645 3241; x_wconf 82' lang='lat' dir='ltr'><strong>ingratum</strong></span> <span class='ocrx_word' id='word_1_269' title='bbox 661 3173 717 3224; x_wconf 88' lang='lat' dir='ltr'><strong>lore</strong></span> <span class='ocrx_word' id='word_1_270' title='bbox 730 3171 855 3236; x_wconf 86' lang='lat' dir='ltr'><strong>arbitror,</strong></span> <span class='ocrx_word' id='word_1_271' title='bbox 873 3171 896 3224; x_wconf 89' lang='lat' dir='ltr'><strong>si</strong></span> <span class='ocrx_word' id='word_1_272' title='bbox 910 3171 1061 3226; x_wconf 88' lang='lat' dir='ltr'><strong>mutationes</strong></span> <span class='ocrx_word' id='word_1_273' title='bbox 1079 3173 1149 3243; x_wconf 86' lang='lat' dir='ltr'><strong>ipsas</strong></span> <span class='ocrx_word' id='word_1_274' title='bbox 1170 3175 1284 3228; x_wconf 74' lang='lat' dir='ltr'><strong>breviter</strong></span> <span class='ocrx_word' id='word_1_275' title='bbox 1302 3175 1380 3229; x_wconf 86' lang='lat' dir='ltr'><strong>addi-</strong></span> 
     </span>
    </p>
   </div>
   <div class='ocr_carea' id='block_1_10' title="bbox 349 3239 1473 3315">
    <p class='ocr_par' dir='ltr' id='par_1_10' title="bbox 349 3239 1473 3315">
     <span class='ocr_line' id='line_1_33' title="bbox 349 3239 1473 3315; baseline 0.004 -21"><span class='ocrx_word' id='word_1_276' title='bbox 349 3243 428 3306; x_wconf 88' lang='lat' dir='ltr'><strong>dero,</strong></span> <span class='ocrx_word' id='word_1_277' title='bbox 445 3259 495 3311; x_wconf 89' lang='lat' dir='ltr'><strong>quo</strong></span> <span class='ocrx_word' id='word_1_278' title='bbox 507 3243 589 3310; x_wconf 84' lang='lat' dir='ltr'><strong>magis</strong></span> <span class='ocrx_word' id='word_1_279' title='bbox 603 3241 746 3305; x_wconf 87' lang='lat' dir='ltr'><strong>elucescat,</strong></span> <span class='ocrx_word' id='word_1_280' title='bbox 763 3241 865 3310; x_wconf 86' lang='lat' dir='ltr'><strong>quantis</strong></span> <span class='ocrx_word' id='word_1_281' title='bbox 876 3239 1072 3296; x_wconf 84' lang='lat' dir='ltr'><strong>difficultatibus</strong></span> <span class='ocrx_word' id='word_1_282' title='bbox 1090 3243 1255 3313; x_wconf 75' lang='lat' dir='ltr'><strong>chronologia</strong></span> <span class='ocrx_word' id='word_1_283' title='bbox 1272 3245 1380 3315; x_wconf 86' lang='lat' dir='ltr'><strong>antiqua</strong></span> <span class='ocrx_word' id='word_1_284' title='bbox 1472 3267 1473 3282; x_wconf 56' lang='lat'>¹</span> 
     </span>
    </p>
   </div>
   <div class='ocr_carea' id='block_1_11' title="bbox 348 3310 940 3378">
    <p class='ocr_par' dir='ltr' id='par_1_11' title="bbox 348 3310 940 3378">
     <span class='ocr_line' id='line_1_34' title="bbox 348 3310 940 3378; baseline -0.003 -14"><span class='ocrx_word' id='word_1_285' title='bbox 348 3313 481 3364; x_wconf 85' lang='lat' dir='ltr'><strong>obstructa</strong></span> <span class='ocrx_word' id='word_1_286' title='bbox 493 3311 542 3372; x_wconf 87' lang='lat' dir='ltr'><strong>sit,</strong></span> <span class='ocrx_word' id='word_1_287' title='bbox 559 3311 704 3378; x_wconf 80' lang='lat' dir='ltr'><strong>ferrumque</strong></span> <span class='ocrx_word' id='word_1_288' title='bbox 718 3310 833 3363; x_wconf 82' lang='lat' dir='ltr'><strong>attrabat</strong></span> <span class='ocrx_word' id='word_1_289' title='bbox 843 3310 940 3362; x_wconf 75' lang='lat' dir='ltr'><strong>drame</strong></span> 
     </span>
    </p>
   </div>
   <div class='ocr_carea' id='block_1_12' title="bbox 366 3375 1380 3502">
    <p class='ocr_par' dir='ltr' id='par_1_12' title="bbox 366 3375 1380 3502">
     <span class='ocr_line' id='line_1_35' title="bbox 366 3375 1380 3502; baseline 0.004 -68"><span class='ocrx_word' id='word_1_290' title='bbox 366 3381 399 3434; x_wconf 85' lang='lat' dir='ltr'><strong>ab</strong></span> <span class='ocrx_word' id='word_1_291' title='bbox 417 3396 441 3434; x_wconf 87' lang='lat' dir='ltr'><strong>a.</strong></span> <span class='ocrx_word' id='word_1_292' title='bbox 458 3379 493 3436; x_wconf 84' lang='lat' dir='ltr'><strong>U·</strong></span> <span class='ocrx_word' id='word_1_293' title='bbox 510 3375 804 3502; x_wconf 48' lang='grc' dir='ltr'><strong>244ὴῖδῖῃῇἳῖοω</strong></span> <span class='ocrx_word' id='word_1_294' title='bbox 824 3379 1001 3448; x_wconf 48' lang='lat' dir='ltr'><strong>winus</strong></span> <span class='ocrx_word' id='word_1_295' title='bbox 1018 3379 1131 3436; x_wconf 84' lang='lat' dir='ltr'><strong>inienmt</strong></span> <span class='ocrx_word' id='word_1_296' title='bbox 1146 3381 1268 3436; x_wconf 81' lang='lat' dir='ltr'><strong>Calendis</strong></span> <span class='ocrx_word' id='word_1_297' title='bbox 1291 3383 1380 3438; x_wconf 81' lang='lat' dir='ltr'><strong>Octo-</strong></span> 
     </span>
    </p>
   </div>
   <div class='ocr_carea' id='block_1_13' title="bbox 369 3513 1380 4394">
    <p class='ocr_par' dir='ltr' id='par_1_13' title="bbox 369 3513 1380 4394">
     <span class='ocr_line' id='line_1_36' title="bbox 417 3513 746 3584; baseline 0.003 -14"><span class='ocrx_word' id='word_1_298' title='bbox 417 3532 441 3570; x_wconf 82' lang='grc' dir='ltr'><strong>ι.</strong></span> <span class='ocrx_word' id='word_1_299' title='bbox 459 3515 509 3572; x_wconf 74' lang='lat'><strong>261</strong></span> <span class='ocrx_word' id='word_1_300' title='bbox 527 3513 584 3567; x_wconf 82' lang='lat' dir='ltr'><strong>cal.</strong></span> <span class='ocrx_word' id='word_1_301' title='bbox 602 3515 746 3584; x_wconf 81' lang='lat' dir='ltr'><strong>Septembr.</strong></span> 
     </span>
     <span class='ocr_line' id='line_1_37' title="bbox 416 3583 1380 3708; baseline 0.004 -70"><span class='ocrx_word' id='word_1_302' title='bbox 416 3601 442 3638; x_wconf 89' lang='lat' dir='ltr'><strong>a.</strong></span> <span class='ocrx_word' id='word_1_303' title='bbox 459 3585 512 3640; x_wconf 79' lang='lat'><strong>278</strong></span> <span class='ocrx_word' id='word_1_304' title='bbox 529 3587 557 3636; x_wconf 84' lang='lat' dir='ltr'><strong>et</strong></span> <span class='ocrx_word' id='word_1_305' title='bbox 574 3583 663 3705; x_wconf 45' lang='lat' dir='ltr'><strong>lorber}</strong></span> <span class='ocrx_word' id='word_1_306' title='bbox 678 3586 728 3706; x_wconf 65' lang='lat' dir='ltr'><strong>iaso</strong></span> <span class='ocrx_word' id='word_1_307' title='bbox 741 3583 813 3708; x_wconf 54' lang='grc' dir='ltr'>Ῑὲῖἰυι</span> <span class='ocrx_word' id='word_1_308' title='bbox 825 3601 906 3658; x_wconf 68' lang='lat' dir='ltr'><strong>nque</strong></span> <span class='ocrx_word' id='word_1_309' title='bbox 923 3585 957 3642; x_wconf 89' lang='lat' dir='ltr'><strong>ed</strong></span> <span class='ocrx_word' id='word_1_310' title='bbox 973 3603 998 3644; x_wconf 87' lang='lat' dir='ltr'><strong>a.</strong></span> <span class='ocrx_word' id='word_1_311' title='bbox 1011 3587 1079 3654; x_wconf 77' lang='grc'>801,</span> <span class='ocrx_word' id='word_1_312' title='bbox 1095 3603 1181 3642; x_wconf 86' lang='lat' dir='ltr'><strong>nense</strong></span> <span class='ocrx_word' id='word_1_313' title='bbox 1198 3585 1306 3654; x_wconf 79' lang='lat' dir='ltr'><strong>Sextili,</strong></span> <span class='ocrx_word' id='word_1_314' title='bbox 1322 3587 1380 3644; x_wconf 86' lang='lat' dir='ltr'><strong>lor-</strong></span> 
     </span>
     <span class='ocr_line' id='line_1_38' title="bbox 555 3668 782 3707; baseline 0.013 -3"><span class='ocrx_word' id='word_1_315' title='bbox 555 3668 602 3704; x_wconf 85' lang='lat' dir='ltr'><strong>san</strong></span> <span class='ocrx_word' id='word_1_316' title='bbox 640 3669 672 3705; x_wconf 88' lang='lat' dir='ltr'><strong>a.</strong></span> <span class='ocrx_word' id='word_1_317' title='bbox 711 3669 742 3706; x_wconf 82' lang='lat' dir='ltr'><strong>ex</strong></span> <span class='ocrx_word' id='word_1_318' title='bbox 774 3691 782 3707; x_wconf 90' lang='lat'><strong>.</strong></span> 
     </span>
     <span class='ocr_line' id='line_1_39' title="bbox 419 3721 723 3791; baseline 0 -17"><span class='ocrx_word' id='word_1_319' title='bbox 419 3735 446 3774; x_wconf 84' lang='lat' dir='ltr'><strong>a.</strong></span> <span class='ocrx_word' id='word_1_320' title='bbox 461 3721 514 3777; x_wconf 76' lang='lat'><strong>802</strong></span> <span class='ocrx_word' id='word_1_321' title='bbox 529 3721 618 3773; x_wconf 89' lang='lat' dir='ltr'><strong>Idibus</strong></span> <span class='ocrx_word' id='word_1_322' title='bbox 637 3721 723 3791; x_wconf 80' lang='lat' dir='ltr'><strong>blajis.</strong></span> 
     </span>
     <span class='ocr_line' id='line_1_40' title="bbox 421 3789 927 3852; baseline 0.01 -10"><span class='ocrx_word' id='word_1_323' title='bbox 421 3805 445 3842; x_wconf 75' lang='lat' dir='ltr'><strong>s.</strong></span> <span class='ocrx_word' id='word_1_324' title='bbox 462 3791 615 3845; x_wconf 78' lang='lat' dir='ltr'><strong>sto-³52</strong></span> <span class='ocrx_word' id='word_1_325' title='bbox 630 3789 718 3844; x_wconf 87' lang='lat' dir='ltr'><strong>idibus</strong></span> <span class='ocrx_word' id='word_1_326' title='bbox 732 3789 927 3852; x_wconf 78' lang='lat' dir='ltr'><strong>Decembribus..</strong></span> 
     </span>
     <span class='ocr_line' id='line_1_41' title="bbox 419 3857 865 3914; baseline 0 -2"><span class='ocrx_word' id='word_1_327' title='bbox 419 3875 445 3912; x_wconf 82' lang='lat' dir='ltr'><strong>a.</strong></span> <span class='ocrx_word' id='word_1_328' title='bbox 462 3857 613 3914; x_wconf 72' lang='lat' dir='ltr'><strong>ete-³61</strong></span> <span class='ocrx_word' id='word_1_329' title='bbox 632 3859 738 3913; x_wconf 69' lang='lat' dir='ltr'><strong>calend.</strong></span> <span class='ocrx_word' id='word_1_330' title='bbox 757 3860 865 3912; x_wconf 87' lang='lat' dir='ltr'><strong>Octobr.</strong></span> 
     </span>
     <span class='ocr_line' id='line_1_42' title="bbox 419 3927 879 3991; baseline 0.004 -10"><span class='ocrx_word' id='word_1_331' title='bbox 419 3942 444 3981; x_wconf 79' lang='lat' dir='ltr'><strong>a.</strong></span> <span class='ocrx_word' id='word_1_332' title='bbox 461 3927 612 3982; x_wconf 76' lang='lat'><strong>862—863</strong></span> <span class='ocrx_word' id='word_1_333' title='bbox 629 3927 736 3981; x_wconf 79' lang='lat' dir='ltr'><strong>Caleni.</strong></span> <span class='ocrx_word' id='word_1_334' title='bbox 754 3928 879 3991; x_wconf 79' lang='lat' dir='ltr'><strong>Quinctil.</strong></span> 
     </span>
     <span class='ocr_line' id='line_1_43' title="bbox 420 3995 856 4052; baseline 0 -2"><span class='ocrx_word' id='word_1_335' title='bbox 420 4009 445 4050; x_wconf 77' lang='lat' dir='ltr'><strong>a.</strong></span> <span class='ocrx_word' id='word_1_336' title='bbox 460 3995 610 4052; x_wconf 77' lang='grc'><strong>865-887</strong></span> <span class='ocrx_word' id='word_1_337' title='bbox 626 4011 713 4050; x_wconf 84' lang='lat' dir='ltr'><strong>meuse</strong></span> <span class='ocrx_word' id='word_1_338' title='bbox 726 3995 856 4050; x_wconf 79' lang='lat' dir='ltr'><strong>Imuario.</strong></span> 
     </span>
     <span class='ocr_line' id='line_1_44' title="bbox 419 4061 876 4120; baseline 0.004 -2"><span class='ocrx_word' id='word_1_339' title='bbox 419 4079 445 4118; x_wconf 82' lang='lat' dir='ltr'><strong>a.</strong></span> <span class='ocrx_word' id='word_1_340' title='bbox 461 4061 609 4118; x_wconf 76' lang='lat' dir='ltr'><strong>ste-420</strong></span> <span class='ocrx_word' id='word_1_341' title='bbox 625 4065 746 4118; x_wconf 82' lang='lat' dir='ltr'><strong>Calendis</strong></span> <span class='ocrx_word' id='word_1_342' title='bbox 764 4065 876 4120; x_wconf 83' lang='lat' dir='ltr'><strong>Martiis.</strong></span> 
     </span>
     <span class='ocr_line' id='line_1_45' title="bbox 420 4131 849 4195; baseline 0.005 -9"><span class='ocrx_word' id='word_1_343' title='bbox 420 4149 445 4186; x_wconf 83' lang='lat' dir='ltr'><strong>a.</strong></span> <span class='ocrx_word' id='word_1_344' title='bbox 461 4131 513 4188; x_wconf 71' lang='grc'><strong>480</strong></span> <span class='ocrx_word' id='word_1_345' title='bbox 529 4131 651 4186; x_wconf 82' lang='lat' dir='ltr'><strong>calendis</strong></span> <span class='ocrx_word' id='word_1_346' title='bbox 669 4132 849 4195; x_wconf 80' lang='lat' dir='ltr'><strong>Quinctilibus.</strong></span> 
     </span>
     <span class='ocr_line' id='line_1_46' title="bbox 419 4197 854 4259; baseline 0 -1"><span class='ocrx_word' id='word_1_347' title='bbox 419 4218 444 4258; x_wconf 74' lang='lat' dir='ltr'><strong>a·</strong></span> <span class='ocrx_word' id='word_1_348' title='bbox 461 4197 612 4256; x_wconf 73' lang='lat' dir='ltr'><strong>tte-531</strong></span> <span class='ocrx_word' id='word_1_349' title='bbox 632 4201 752 4255; x_wconf 79' lang='lat' dir='ltr'><strong>Calendis</strong></span> <span class='ocrx_word' id='word_1_350' title='bbox 769 4201 854 4259; x_wconf 83' lang='lat' dir='ltr'><strong>Maiis.</strong></span> 
     </span>
     <span class='ocr_line' id='line_1_47' title="bbox 420 4269 848 4325; baseline 0.002 -3"><span class='ocrx_word' id='word_1_351' title='bbox 420 4285 446 4322; x_wconf 87' lang='lat' dir='ltr'><strong>a.</strong></span> <span class='ocrx_word' id='word_1_352' title='bbox 464 4271 614 4325; x_wconf 77' lang='lat' dir='ltr'><strong>ess-600</strong></span> <span class='ocrx_word' id='word_1_353' title='bbox 630 4269 720 4324; x_wconf 86' lang='lat' dir='ltr'><strong>Idibus</strong></span> <span class='ocrx_word' id='word_1_354' title='bbox 736 4269 848 4324; x_wconf 86' lang='lat' dir='ltr'><strong>Martiis.</strong></span> 
     </span>
     <span class='ocr_line' id='line_1_48' title="bbox 369 4335 853 4394; baseline 0.01 -4"><span class='ocrx_word' id='word_1_355' title='bbox 369 4335 402 4390; x_wconf 84' lang='lat' dir='ltr'><strong>ab</strong></span> <span class='ocrx_word' id='word_1_356' title='bbox 419 4351 444 4391; x_wconf 84' lang='lat' dir='ltr'><strong>a.</strong></span> <span class='ocrx_word' id='word_1_357' title='bbox 461 4337 496 4391; x_wconf 90' lang='lat' dir='ltr'><strong>U.</strong></span> <span class='ocrx_word' id='word_1_358' title='bbox 513 4339 564 4394; x_wconf 83' lang='lat'><strong>601</strong></span> <span class='ocrx_word' id='word_1_359' title='bbox 581 4337 702 4391; x_wconf 73' lang='lat' dir='ltr'><strong>Calendis</strong></span> <span class='ocrx_word' id='word_1_360' title='bbox 718 4337 853 4394; x_wconf 73' lang='lat' dir='ltr'><strong>Ianuariis.</strong></span> 
     </span>
    </p>
   </div>
   <div class='ocr_carea' id='block_1_14' title="bbox 0 0 1488 4716">
    <p class='ocr_par' dir='ltr' id='par_1_14' title="bbox 0 0 1488 4716">
     <span class='ocr_line' id='line_1_49' title="bbox 0 0 1488 4716; baseline 0 0"><span class='ocrx_word' id='word_1_361' title='bbox 0 0 1488 4716; x_wconf 95' lang='lat' dir='ltr'><strong> </strong></span> 
     </span>
    </p>
   </div>
  </div>
 </body>
</html>
