2944 4716
454 1365 510 1434 lN
528 1365 887 1436 'BREVIARIUM

123 1529 1221 1634 CHRONOGR.APHIGUM

285 1745 316 1804 s.
336 1741 603 1808 morsuum
628 1737 974 1804 sssmsucuss
995 1737 1058 1801 cs.

547 1925 791 1978 BREVEB

388 2074 955 2158 ANNOTATIONES.

556 2335 787 2351 m·

206 2517 275 2597 Peg·
295 2517 368 2587 395.
390 2516 603 2604 Neuupoposi]
628 2518 832 2600 Nicephorum
851 2519 907 2583 ΟΡ.
923 2519 996 2581 olim
1017 2519 1221 2581 Potriurchsue

119 2601 270 2668 Brevin-ii
281 2603 370 2664 huius
383 2603 639 2686 Chrouogrephioi
650 2605 807 2669 sutherem
822 2605 987 2666 communis
1005 2604 1140 2682 agnoscit
1152 2623 1220 2662 seu·

119 2689 235 2752 tensis:
257 2698 293 2748 ut
307 2697 389 2747 extet
401 2697 511 2768 iumen,
532 2701 563 2750 et
574 2691 711 2752 menibus
728 2692 849 2768 teritur,
872 2711 942 2750 cum
956 2688 1155 2770 posteriorum
1166 2687 1220 2746 Ni·

120 2773 254 2855 cephoro
268 2773 524 2853 Petrisrohsrum,
547 2784 578 2836 et
592 2775 808 2855 Imperatorum
825 2777 888 2836 eius
901 2783 1035 2853 tempore
1047 2773 1221 2852 aequiorum

120 2857 245 2920 nomina
264 2868 295 2918 et
314 2868 422 2918 setstes
433 2869 597 2934 recenseat,
620 2861 759 2924 Petsvius
777 2861 854 2922 coris
868 2860 918 2921 vir
935 2857 1041 2919 iudicii
1058 2877 1095 2916 so
1114 2856 1220 2917 erudi-

120 2944 214 3004 sionis
227 2965 290 3004 nou
303 2943 392 3004 iritse
407 2965 595 3006 communem
608 2946 691 3005 illem
707 2947 744 3006 de
762 2947 789 3006 N
791 2945 933 3028 icephoro
951 2944 1128 3004 sententiam
1139 2939 1221 3002 smi-

120 3037 240 3112 piorem
254 3029 385 3088 nominis
399 3031 529 3090 eiusdem
543 3033 670 3092 alterum
685 3051 752 3092 cum
762 3029 821 3092 hoo
836 3029 1019 3091 confundere
1034 3027 1221 3090 subdubitst.

121 3113 232 3175 Verum
249 3134 306 3194 pro
321 3125 492 3194 compersts
504 3115 562 3175 sibi
574 3116 714 3193 solertis,
736 3126 767 3176 et
778 3119 872 3198 portis
887 3135 925 3175 cx
940 3123 1059 3176 vetusto
1070 3113 1220 3173 librorum

121 3219 182 3260 usu
200 3199 428 3280 experimentis,
449 3201 597 3282 privatam
620 3202 755 3283 publicae
775 3220 942 3282 opponere,
963 3218 1132 3276 novemque
1150 3197 1220 3276 opi-

121 3284 244 3346 nionem
267 3284 350 3345 haud
370 3285 457 3346 firmo
488 3286 621 3346 stabilire
647 3286 841 3353 fundamento
868 3285 1021 3362 devitans,
1057 3280 1221 3363 Nicephori

122 3379 314 3451 posterorum
326 3371 446 3430 nomine
461 3371 557 3430 eliens
571 3391 664 3432 mersu
678 3373 815 3453 opposita
830 3371 911 3431 isoili
926 3389 1073 3432 consensu
1086 3367 1221 3428 admistis

1230 1391 1317 1521 es

123 3475 175 3528 cs,
198 3474 289 3534 quem
303 3454 466 3536 Nicephori
482 3456 613 3516 eiusdem
626 3455 768 3518 historiae
780 3456 945 3538 praefixum
966 3456 1083 3530 voluit,
1103 3453 1220 3534 praess-
1298 3497 1304 3504 .

121 3539 213 3600 lione.
234 3539 291 3598 Cui
303 3561 366 3600 uon
382 3540 517 3600 sdhsesit
534 3543 673 3603 Petuvius
687 3541 779 3602 dubio
795 3552 894 3603 motus
910 3541 1018 3602 deiude
1030 3540 1155 3600 Vossius
1167 3537 1220 3597 iu·-

121 3625 237 3686 uiosum
251 3625 401 3705 quendum
420 3625 623 3707 Nicephorum
644 3627 771 3687 confixit
786 3627 824 3688 de
844 3628 965 3688 Graecis
987 3625 1100 3706 Hister.
1116 3621 1171 3682 lib.
1187 3627 1218 3687 2

122 3728 190 3791 csp.
203 3712 256 3778 25.
273 3711 323 3772 cui
337 3711 377 3770 ud
392 3709 531 3772 Photium
545 3711 650 3790 ignatii
662 3732 866 3774 successorem
882 3709 1110 3787 chronologiam
1133 3725 1218 3766 susm

123 3796 271 3857 deducere
283 3797 445 3876 placuerit:
467 3817 570 3860 rerum
582 3817 644 3878 quc
655 3808 732 3858 teste
743 3799 794 3860 vel
816 3796 955 3872 suthon,
977 3795 1027 3855 vel
1046 3793 1131 3854 cuius
1152 3793 1220 3872 syl.

122 3901 179 3944 vae
197 3880 282 3958 ligno
295 3882 476 3942 Mercurium
491 3882 583 3942 istum
605 3884 776 3964 exsculpat,
797 3903 859 3942 uon
881 3881 986 3960 sperit.
1030 3879 1098 3938 stat
1116 3878 1220 3956 iisque
1273 3887 1275 3894 '

122 3975 274 4042 cenetens,
285 3975 314 4024 et
322 3968 402 4045 opud
411 3987 457 4026 me
466 3968 761 4047 perseveratimmots
770 3966 902 4046 vulgaris
915 3962 1027 4046 opinio,
1040 3959 1220 4042 quueGhro·

123 4049 305 4132 nogrephisc
322 4052 411 4112 istius
431 4053 523 4114 ulium
537 4051 735 4134 uNiccphoro
751 4048 923 4113 Putriurchs
945 4047 1218 4128 Constantinopoli-

121 4146 196 4196 iuuo
219 4135 376 4198 sutherem
397 4157 461 4196 uois
482 4137 647 4198 admissura
669 4137 717 4198 his
738 4135 905 4198 rationibus
928 4134 1078 4198 inuititur.
1106 4138 1134 4200 1.
1156 4133 1219 4193 Pa*

122 4220 265 4282 triorchis
280 4229 311 4281 st
326 4223 423 4302 lmpp.
435 4221 572 4301 pristinis
588 4221 704 4286 auecta
716 4221 837 4282 nomine
859 4219 1053 4301 posteriorem
1067 4239 1130 4279 nou
1144 4238 1219 4278 con-

10 4375 14 4380 ,
122 4306 254 4368 vincum
272 4306 372 4386 operis
392 4308 485 4366 totius
504 4307 676 4384 smirci-eus⁴
701 4305 755 4366 ssd
777 4307 940 4367 deductum
964 4313 995 4364 et
1012 4304 1219 4366 continuatum

123 4391 156 4452 iu
176 4401 297 4473 tempus
317 4392 437 4474 sequius
460 4394 571 4476 prioris
593 4393 692 4476 operis
710 4411 808 4462 mum.
829 4397 859 4460 2
880 4389 1130 4474 Preefixmopcri
1142 4389 1219 4452 titu-
