2888 4714
275 337 353 412 606
632 337 976 412 EMENDATIONES

276 523 360 565 mum
379 500 482 564 mundi
502 499 595 569 6156.
617 519 656 562 ex
675 519 745 582 pag.
765 503 837 568 260.
857 498 1033 579 repositum.
1075 499 1141 562 lieo
1155 519 1206 563 me
1224 512 1371 579 moratur,

277 589 359 686 quod
372 608 444 686 pag.
430 588 544 649 ‚citata
561 590 613 654 68.
633 605 745 646 anuum
761 585 853 653 6141.
872 594 983 645 atatuat
998 584 1119 646 huthor
1139 588 1309 648 Nectanebo
1326 591 1372 649 li

274 674 376 734 mitem
396 673 541 754 primum:
573 690 668 731 annor
684 671 764 732 enim
779 671 873 739 2366.
893 680 963 751 poet
980 671 1089 732 Adami
1106 677 1197 740 2776.
1211 693 1368 734 numerare

276 757 393 838 coepit,
383 777 490 864 ,ροσε
500 755 558 816 ab
548 766 671 816 ineunte
684 767 714 817 et
729 767 798 857 ρρετ
810 757 901 822 2776.
916 757 1029 818 emetiri
1043 757 1232 836 congruebat.

357 835 413 906 Δι’
426 843 586 916 Ασττασίας
599 837 714 922 πόρνας
727 836 829 948 delo]
826 841 919 902 Prave
931 843 1060 948 reponit
1064 843 1198 921 Scaliger.
1215 838 1264 906 de’
1279 838 1369 908 Λιττ.

274 928 344 992 σίαν
362 921 483 1010 πόρνην
506 927 548 986 B
559 925 611 989 ναί
624 929 738 1002 στείλας
757 948 829 1006 μετα
821 919 1060 1010 Μεγαρίαν’
1039 923 1264 1035 ασταγεετόεαν
1271 923 1373 1009 Ἀθη-

273 1015 381 1088 ναίοις.
409 1013 445 1072 [ιι
457 1012 537 1073 notra
552 1012 659 1071 deinde
670 1033 735 1110 pag.
753 1014 803 1077 68.
832 1011 1044 1088 scribendum,
1063 1013 1179 1093 inquit,
1201 1009 1242 1075 δι’
1255 1008 1370 1076 ¹Acero-

275 1101 342 1172 σίας
356 1091 469 1180 πόρνας
486 1091 552 1160 duic.
572 1097 621 1156 An
634 1117 696 1156 non
710 1097 751 1155 ita
764 1095 851 1194 priue
861 1097 1027 1177 acriptuml
1050 1098 1092 1157 Ut
1109 1099 1204 1178 quid'
1196 1119 1318 1178 umuper
1330 1095 1368 1163 τό

275 1179 368 1266 perd,
390 1183 456 1244 vice
478 1205 569 1258 κατα,
591 1181 797 1258 substituitur,
820 1181 880 1240 nisi
893 1191 926 1242 ut
940 1182 1054 1242 duabus
1068 1183 1217 1244 duntaxat
1231 1184 1367 1260 uocibus,

276 1271 391 1342 στείλας
411 1269 479 1327 Ῑοοο
501 1225 625 1364 στιίίας,
654 1275 685 1325 et
706 1261 901 1347 dotvyeereir,
932 1261 1158 1352 dempturum
1180 1269 1246 1330 vioe
1262 1278 1369 1329 textura

275 1355 421 1428 infectus,
441 1350 534 1428 magio
549 1370 584 1409 ac
597 1351 689 1429 magis
701 1351 849 1412 vitietur?

356 1395 608 1535 Ἂσίνγερτόναν]
630 1435 845 1516 Megaranaium
859 1435 1146 1518 Peloponuesiorum
1165 1439 1286 1498 nomina
1298 1437 1368 1518 cip-

273 1523 322 1606 pia
341 1520 482 1580 duobua
472 1541 505 1581 ιιι
521 1519 745 1582 Atheniensium
768 1540 836 1581 arce
855 1521 1005 1603 insculpta
1026 1523 1136 1605 capitia
1151 1525 1295 1584 mulctam
1308 1523 1367 1584 reia

273 1607 501 1670 minitabantur.
514 1605 720 1713 Thucydides
735 1607 788 1666 lib.
804 1610 834 1674 6.

360 1693 497 1756 Σκιπίων
514 1685 591 1776 'App
593 1691 723 1772 νεοττός]
755 1692 801 1751 Ex
823 1689 972 1751 Chronico
990 1689 1197 1753 Alexandrino
1219 1691 1295 1752 haec
1315 1713 1372 1752 ex-

276 1789 379 1860 carpta
395 1779 486 1838 verbo
501 1785 598 1837 tenue.
641 1777 726 1855 Legit
740 1785 840 1836 tamen
859 1775 937 1836 1llud
949 1773 1120 1858 Δαιτατοιρ
1143 1788 1175 1838 et
1189 1799 1208 1838 a
1224 1799 1301 1838 voce
1319 1775 1374 1858 τὴν

275 1861 379 1948 χοίρου
400 1861 592 1944 exprimenda
618 1861 753 1960 ubetinet.
802 1861 934 1922 liadema
961 1861 1109 1941 interpret
1138 1863 1308 1924 ver-aionem
1333 1883 1372 1922 ex

277 1957 391 2012 Graeco
407 1947 553 2024 emendat,
575 1955 605 2006 et
619 1946 652 2006 in
668 1946 798 2024 margine
816 1945 941 2026 adponit
955 1965 1020 2026 pag.
1031 1949 1106 2014 894.
1116 1947 1171 2006 Au
1185 1949 1299 2028 Africo
1312 1969 1371 2006 no-

276 2057 342 2094 men
364 2035 448 2094 tulit.
491 2033 574 2106 Quae
595 2031 632 2088 de
651 2031 763 2098 Helice.
778 2039 808 2088 et
830 2030 909 2090 Bura
929 2041 1091 2092 narrantur
1110 2035 1206 2114 paulo
1234 2033 1371 2114 euporiua

276 2119 418 2180 chronici
431 2125 501 2176 eunt
518 2113 663 2190 eiusdem,
686 2123 716 2173 et
729 2112 847 2173 Emebii
863 2135 901 2174 ex
918 2127 1013 2197 perte.

359 2195 523 2298 Σαριροίεης
537 2193 703 2304 apolonie]
726 2199 826 2260 Placet
840 2201 971 2280 Scaliger
983 2219 1049 2284 pag.
1042 2199 1113 2268 .46.
1122 2199 1222 2280 lagena
1234 2195 1370 2285 Ἰσωτριί·
1438 2209 1439 2212 ’

273 2307 344 2369 6ης,
368 2285 421 2364 qui
438 2279 584 2364 σοφιστὴς
599 2283 712 2348 extitit.
1438 2279 1439 2325 l

358 2365 466 2433 Ile'ledl
478 2391 537 2432 τινι
553 2391 615 2450 παρ
617 2362 762 2449 ἀίτίαν.]
783 2368 1005 2430 Emendationie
1022 2367 1131 2431 author
1141 2369 1279 2450 Scaliger.

354 2451 407 2518 Ἐν
419 2447 441 2542 ᾖ
454 2451 704 2555 peregrinitate]
727 2455 808 2514 ldem
823 2455 857 2518 ίν
869 2457 924 2536 νηῖ
936 2457 1160 2536 μεταμείηθείς.
1178 2455 1294 2538 Inepte.

356 2541 427 2620 Peg.
449 2545 523 2608 261.
542 2535 692 2645 Ἑλλήνων
714 2539 886 2642 βασιλείας]
908 2540 1063 2647 Dignoecit
1083 2539 1159 2600 haec
1181 2542 1219 2600 ab
1240 2539 1366 2601 Euaehio

273 2627 384 2690 aliena.
408 2645 482 2706 quae
501 2633 664 2702 sequuntur
679 2617 927 2732 Ἀίεξοίνόρειαὴ
951 2647 1006 2688 τιατ
1013 2618 1219 2732 ’Alpem-cue,
1246 2625 1369 2708 propria

272 2733 341 2797 pug.
314 2713 400 2793 g.47.
422 2711 503 2771 llaec
517 2709 575 2770 aliu
589 2729 703 2770 rureua.
725 2705 872 2791 Στονόεὶν
885 2705 1058 2788 θέμενος
1026 2733 1060 2774 το
1077 2733 1155 2818 epo.
1164 2721 1220 2772 etc.
1227 2711 1367 2771 teubodo-

272 2809 361 2862 ratur
381 2817 444 2858 non
464 2815 527 2856 eaee
545 2795 680 2854 Euaebii:
710 2813 787 2874 quae
807 2795 897 2875 paulo
914 2793 1059 2872 inseriae,
1077 2791 1155 2880 μετα
1177 2792 1234 2878 τὴν
1255 2790 1366 2858 αίασετ

276 2885 404 2990 Τροίας,
427 2890 484 2940 etc.
507 2882 540 2940 in
555 2879 755 2940 Emebianum
769 2889 887 2938 textum
904 2878 1040 2942 adducit.

356 2961 431 3028 'Arm
451 2963 581 3048 ἑβδόμου
595 2963 679 3038 ἔτους
690 2957 908 3046 metantque]
937 2965 1006 3025 Νοιι
1023 2983 1082 3044 quo
1103 2939 1296 3025 Macedonico
1317 2983 1367 3024 re-

273 3071 333 3131 gno
356 3051 517 3128 aucceeeit,
538 3049 591 3110 sed
611 3069 670 3130 quo
690 3049 807 3109 devicta
826 3051 940 3108 Persica
964 3049 1150 3130 reliquisque
1165 3050 1297 3110 Orientis
1318 3070 1368 3110 re·

273 3135 410 3216 gionibua
424 3098 565 3213 arbritio,
585 3155 640 3215 per
655 3133 757 3194 orbem
772 3135 866 3195 ferme
875 3134 1046 3194 univercum
1059 3135 1247 3196 Macedonici
1260 3135 1364 3194 limites

273 3221 393 3300 imperii
409 3221 552 3288 extendit.
595 3219 799 3300 comparanda
816 3219 890 3280 haec
910 3239 980 3280 cum
999 3219 1126 3280 inferiae
1146 3219 1306 3282 scribendis
1326 3218 1362 3277 ab

274 3305 408 3368 Authore
419 3325 486 3412 pag
498 3309 571 3372 808.
590 3305 626 3364 D.
642 3314 673 3364 et
686 3307 759 3372 310
775 3305 807 3367 C.

362 3394 412 3487 Τῷ
426 3385 507 3476 adep
489 3389 602 3470 ἔτεα]
624 3389 650 3449 Δ
665 3389 770 3450 munde
789 3387 912 3450 conditu
931 3387 1024 3456 6164,
1040 3388 1171 3450 obeunte
1187 3389 1265 3452 Darii
1283 3407 1360 3448 anuo

227 3481 231 3494 '
274 3475 305 3543 4.
321 3453 408 3536 cuiue
423 3495 512 3576 regno
528 3475 610 3534 dedit
627 3473 811 3534 exordium
801 3474 898 3534 inient
918 3493 1015 3534 annue
1027 3475 1120 3542 5169.

357 3553 430 3624 Ἀπό
450 3553 556 3640 Κόραν
579 3557 636 3634 ἕως
655 3561 796 3644 Δαρείου
803 3556 818 3643 ]
854 3560 951 3638 Cyrus
978 3579 1103 3637 reguum
1123 3559 1185 3621 init
1208 3583 1227 3621 a
1246 3558 1361 3622 conditu

272 3645 380 3708 mundi
399 3645 492 3714 4962.
512 3641 692 3704 interficitur
709 3645 816 3706 Durius
834 3665 912 3704 anno
933 3644 1027 3711 6164.
1046 3653 1120 3726 poet
1139 3666 1227 3707 auece
1227 3642 1362 3727 ptiregni

273 3729 617 3801 annumerentur
635 3749 745 3791 ennon:
767 3729 804 3791 ab
821 3729 971 3790 exordiia'
962 3730 1054 3809 igitur
1070 3729 1142 3811 eyn·
1152 3731 1193 3792 ad
1207 3669 1288 3792 uitii
1299 3728 1362 3789 ohi-

273 3827 339 3878 tum
354 3823 426 3885 212.
443 3837 536 3878 annor
554 3813 734 3877 numerabit.

357 3899 505 3983 Σαοοιίὴν
526 3898 702 3984 θέμενος
674 3903 715 3961 cui
736 3921 811 3984 τρο.
794 3893 829 3979 ’.]
849 3898 939 3960 Errat
957 3897 1083 3977 Georgi.
1103 3897 1317 3962 hallucinatum
1330 3905 1362 3958 te

271 3989 388 4069 proprii
408 3987 592 4047 convincunt
617 3963 742 4059 calculi,
771 3983 968 4044 Macedonum
988 3983 1129 4045 videlicet
1150 4007 1251 4066 regum
1270 3987 1361 4046 later·

273 4075 341 4132 cula
354 4089 420 4150 pag.
436 4077 509 4140 262.
525 4070 633 4150 potita.
665 4069 701 4129 ln
714 4029 774 4130 illie
789 4067 826 4127 ab
841 4087 920 4128 anno
935 4076 1003 4150 poet
1014 4079 1147 4132 creatum
1161 4073 1258 4133 orbem
1271 4071 1358 4137 1701

272 4165 388 4232 regnat.

318 4241 345 4299 1
367 4239 499 4299 Garanua
515 4239 601 4300 annir
617 4245 667 4306 30.
690 4238 729 4298 ad
746 4255 858 4296 annum
872 4237 964 4304 4780.

314 4321 345 4384 2.
366 4323 485 4381 (Σοαιιιιε
501 4323 586 4382 annia
602 4329 652 4390 23.
675 4324 710 4383 ed
724 4340 836 4384 anuum
850 4321 944 4388 4768.
