2888 4714
271 335 346 412 492
628 341 972 413 EMENDATIONES

271 505 403 564 Clemens
419 501 518 564 voluit
534 517 596 564 esse
608 509 790 562 sumeretne.
824 497 935 562 Verum
947 495 1036 560 fictos
1050 507 1082 560 et
1104 498 1245 582 oppletos
1265 501 1377 567 suse-

269 589 327 664 bio,
343 609 424 648 meus
440 589 583 664 Georgius
595 606 656 646 non
669 585 767 664 arguit
783 603 906 647 errores.
929 583 971 644 Ut
985 583 1064 644 enirn
1078 583 1224 667 dempto
1238 589 1377 648 Sedecis

267 673 429 749 Eusebius,
449 673 494 732 ite
513 673 647 731 Clemens
667 689 832 732 sermonem
846 669 936 730 lubet
955 687 988 728 eo
1011 669 1092 749 loci,
1111 691 1176 750 psg.
1193 671 1268 730 milri
1280 677 1369 740 829.

268 751 328 822 α’πδ
350 761 405 838 τῆς
427 755 527 837 Δαβὶδ
548 756 713 838 βασιλείας,
740 753 796 828 ἕως
814 758 869 834 τῆς
893 754 1093 834 αἰχμαλωσίας
1116 755 1161 834 ἔτη
1179 756 1370 838 τετρακόσια

268 837 454 922 πεντήκοντα
469 837 541 917 δύο,
564 845 659 922 μῆνες
673 840 712 914 ἕξ.
741 838 783 912 oie
799 837 832 902 δὲ
845 837 867 919 ἦ
881 834 957 902 καθ’
968 837 1050 940 ἡμᾶς
1065 841 1126 900 sois
1137 837 1253 920 χρόνον
1267 837 1369 922 dept-

268 929 336 1014 βεια
353 920 475 1008 συνάγει
495 925 545 1006 ἔτη
569 919 739 1006 τετρακόσια
760 918 942 1006 ὀγδοήκοντα
962 925 1037 1002 duo,
1059 928 1156 1004 μῆνας
1170 927 1216 1002 ἓξ,
1235 924 1369 1006 ἡμέρας

268 1011 350 1076 δέκα.
379 1011 413 1074 ἐν
433 1009 466 1074 δὲ
483 1015 526 1094 spi
548 1005 705 1094 δωδεκάτῳ
725 1009 782 1072 tm
801 1014 856 1089 τῆς
871 1009 1013 1072 Σεδεκίαν
1032 1009 1196 1090 perdetne:
1213 1019 1245 1069 et
1259 1011 1361 1074 inire.

267 1093 445 1179 καὶγίνεται
462 1097 646 1176 αἰχμαλωσία
665 1093 714 1156 ἐπὶ
730 1093 780 1174 ἔτη
800 1087 1014 1174 ἑβδομήκοντα
1056 1093 1092 1152 A
1110 1115 1197 1173 regno
1217 1093 1364 1156 Davids'e

269 1201 367 1261 usque
390 1179 435 1239 nd
453 1183 677 1260 captivitatem,
699 1182 883 1258 quaefacta
900 1189 944 1236 est
965 1200 986 1238 a
1010 1177 1176 1238 Chaldaeis
1193 1183 1265 1238 anni
1276 1181 1361 1247 452.

268 1285 380 1330 menses
394 1285 460 1322 sex:
482 1275 517 1322 ut
529 1275 632 1322 autern
651 1263 769 1344 colligis
788 1267 963 1324 accuratior
982 1275 1149 1343 temporum
1168 1269 1359 1344 amputatio,

268 1349 484 1432 quadringenti
499 1352 575 1408 anni
593 1352 750 1428 octoginta
768 1347 847 1426 duo,
870 1369 982 1408 nunees
1001 1369 1068 1418 ses,
1089 1347 1158 1406 ἅδεα
1173 1349 1275 1410 decens.
1313 1350 1359 1409 Its

267 1433 442 1496 duodecimo
468 1445 571 1492 autem
599 1455 680 1494 anno
711 1437 797 1514 regni
820 1431 957 1494 sedeciae
985 1437 1187 1513 septuaginta
1207 1455 1358 1494 morum

266 1521 429 1596 eaptivitas
440 1521 579 1598 contigit.
619 1517 668 1580 Nil
687 1519 871 1581 manifestius
890 1537 979 1598 quem
993 1519 1175 1578 Clementem
1195 1521 1303 1600 pariter
1316 1541 1357 1580 ec

171 1603 172 1611 ’
266 1601 426 1664 Eusebium
442 1603 479 1662 de
498 1603 618 1664 Sedecis
633 1604 794 1684 scripsisse.
834 1604 875 1664 Ut
891 1623 982 1682 porro
997 1604 1104 1682 templi
1122 1603 1358 1666 devastationem

151 1749 160 1763 ,
265 1696 334 1768 post
350 1709 443 1748 ennos
458 1689 495 1748 ob
509 1688 571 1748 eius
586 1688 710 1748 conditu
722 1689 794 1755 442·
815 1707 852 1748 ex
874 1687 1031 1746 Clementis
1049 1687 1131 1748 dicto
1154 1691 1216 1749 suis
1238 1691 1362 1750 calculis

266 1772 402 1834 elliniore
423 1774 538 1851 colligit
556 1773 714 1834 Eusebius:
740 1774 783 1832 ita
802 1772 1052 1852 quadragesimam
1078 1773 1237 1854 septimum
1255 1775 1366 1854 Olym-

266 1857 386 1939 piadem
405 1859 587 1940 csptivitstis
603 1869 737 1938 tempore
757 1869 935 1934 asserturus,
965 1857 1124 1918 Clementis
1152 1859 1364 1920 testimonium

266 1945 318 2010 48.
339 1941 503 2004 attestantis
521 1943 555 2002 in
572 1945 702 2002 medium
716 1943 851 2022 proferre
869 1963 931 2002 non
947 1951 991 2002 est
1008 1943 1123 2002 veritus
1133 1987 1142 2019 ,
1165 1945 1246 2024 quod
1265 1964 1365 2023 qnam

266 2027 324 2088 sibi
343 2030 441 2087 vicine
460 2029 537 2089 foret
559 2035 697 2104 utreque,
720 2037 750 2085 et
771 2027 941 2108 captivitati
961 2027 1098 2088 Sedecine
1117 2049 1172 2107 per
1194 2035 1246 2096 70.
1264 2051 1365 2090 annos

267 2112 459 2172 stabiliendos
476 2109 751 2188 confirmandaeque
766 2111 844 2172 soret
862 2112 944 2191 epud
963 2111 1117 2172 authorem
1135 2123 1300 2193 utrumque
1311 2137 1362 2173 so.

168 2193 201 2248 Ρ.
217 2197 253 2253 62
270 2197 431 2254 commode.
473 2195 605 2255 Vorietss
625 2189 733 2255 deinde
753 2196 891 2256 codicum
913 2205 1053 2276 quantem
1067 2197 1144 2257 solet
1155 2197 1189 2258 in
1207 2219 1363 2260 annorum

266 2289 296 2340 et
316 2278 529 2358 Olympiodum
552 2299 690 2340 numeros
710 2281 823 2342 inferre
845 2281 1063 2360 diversitatem,
1086 2283 1160 2342 adeo
1179 2291 1212 2342 nt
1232 2281 1357 2344 Antbor

265 2363 344 2422 idem
360 2384 377 2422 e
395 2363 491 2444 seipso
505 2383 721 2444 nonnunquam
742 2365 898 2444 dissideat,
920 2375 949 2424 et
967 2366 1173 2427 dissentientes
1192 2369 1355 2446 scriptores

265 2447 469 2508 librariorum
490 2450 659 2529 corruptele
680 2449 769 2510 locist
785 2451 818 2510 in
837 2451 1026 2510 concordiem
1050 2451 1178 2512 veniret
1213 2452 1293 2526 Ques
1314 2453 1356 2512 de

268 2535 418 2594 Clemente
428 2542 590 2594 tractemus
605 2533 696 2594 hebet
710 2535 801 2596 editio
818 2541 882 2594 mee
899 2555 963 2616 pag.
979 2538 1053 2602 331.

350 2613 544 2702 dissipentur
561 2614 598 2680 sd
620 2615 644 2682 o'
667 2619 743 2700 ten]
771 2621 962 2680 Perturbatus
980 2621 1168 2700 sequentium
1188 2619 1359 2683 dictionum

266 2723 368 2766 sensus
381 2724 418 2764 ex
435 2705 538 2764 Latino
555 2703 675 2764 Eusebii
688 2715 775 2766 textu
789 2705 943 2766 restitutus
958 2715 1014 2765 est.

340 2787 414 2869 Ἔπη
429 2785 461 2853 λ’.
480 2785 694 2870 λογισάμενος]
715 2791 741 2850 Δ
756 2795 785 2857 9.
801 2791 839 2849 sd
851 2793 902 2858 38.
914 2790 1037 2869 triginta
1050 2800 1259 2868 numerentur,
1284 2813 1354 2855 ms-

265 2871 346 2932 xims
362 2874 386 2932 si
402 2894 498 2934 nonus
517 2875 567 2934 ille
581 2873 634 2934 liet
648 2877 698 2940 80.
715 2876 910 2954 principium,
932 2875 1036 2934 eteius
1051 2877 1265 2958 unitasprims.

347 2951 414 3018 ’un
425 2957 459 3021 sd
472 2953 508 3021 κ’.
524 2958 588 3032 ἔτος
603 2954 729 3044 Ilieon]
749 2960 906 3020 APersioe
924 2959 1082 3042 nimirum,
1106 2983 1168 3022 non
1184 2981 1201 3021 s
1216 2962 1361 3044 Babylo-

264 3039 332 3100 nics
345 3043 504 3120 tyrannide
519 3053 645 3124 arrepto.

349 3123 435 3190 lissei
447 3123 481 3192 τδ
499 3124 543 3211 ιγ’.
557 3122 671 3192 Ἰωσίου
690 3125 832 3208 βασιλέως
847 3122 1017 3210 lovinion]
1046 3129 1143 3190 Addit
1162 3151 1202 3192 ex
1221 3134 1357 3216 propriis

265 3209 412 3287 Scaliger:
434 3212 486 3276 καὶ
501 3207 552 3285 λς’.
570 3207 756 3296 Ἀστυάγους.

191 3301 195 3311 ’
348 3297 418 3374 Ptg·
442 3301 514 3364 228.
535 3291 602 3360 Ἐπὶ
614 3295 668 3372 τὰς
680 3293 886 3379 Ὀλυμπιάδας
903 3295 1092 3380 euripum]
1114 3299 1207 3373 Quod
1220 3311 1282 3362 tum
1300 3299 1355 3362 bic

264 3377 442 3458 Olympisde
456 3383 505 3446 47.
521 3391 587 3441 tum
603 3389 653 3450 65.
673 3385 769 3446 lector
783 3385 934 3464 experitur
948 3383 1027 3465 apud
1042 3383 1219 3447 Eusebium.
1255 3386 1360 3460 Quae-

136 3465 152 3497 *
263 3463 407 3541 ctionem,
427 3465 543 3542 Ecquid
559 3470 669 3528 certior
681 3469 720 3528 sit
735 3467 968 3546 chronologice,
993 3489 1068 3546 quse
1085 3489 1140 3549 per
1153 3471 1356 3552 Olympiades,

264 3567 354 3630 quam
369 3569 444 3630 quse
458 3569 513 3628 per
531 3571 633 3630 regum
651 3573 744 3612 annos
761 3553 929 3630 deducitur}
949 3552 1098 3613 subtiliter
1110 3568 1223 3634 movet,
1246 3566 1276 3615 et
1288 3577 1356 3616 eru·

263 3637 326 3695 dite
349 3635 439 3697 solvit
454 3633 593 3696 Nicoleus
612 3637 757 3698 Abremus
776 3639 813 3698 de
829 3639 979 3720 principio
1001 3648 1032 3699 et
1044 3638 1105 3700 fine
1118 3645 1172 3708 70.
1193 3641 1358 3702 hebdoma-

264 3721 338 3782 dum
352 3720 492 3782 Danielis.

346 3799 581 3886 Ἐπιλαθόμενος
594 3799 691 3887 ὥσπερ
709 3805 841 3889 ἑαυτοῦ]
864 3807 934 3868 Eius
947 3817 1047 3868 temen
1059 3810 1183 3872 nomine
1195 3811 1360 3872 Chaldaeo-

263 3909 332 3953 rum
347 3911 430 3970 reges
446 3891 508 3951 suis
519 3891 778 3971 disgrsmmatibus
796 3894 944 3974 disposuit
957 3893 1096 3974 Scaliger.
1138 3895 1208 3956 Hoc
1228 3907 1274 3957 est
1292 3898 1360 3960 Eu-

264 3975 378 4038 sebium
394 3977 513 4056 lingere.

349 4061 391 4123 Ei
405 4063 456 4126 sel
471 4061 502 4126 is
516 4058 617 4136 ἄλλοις
628 4083 657 4124 τι
670 4055 857 4146 διήμαρτον]
879 4063 1019 4144 Proprios
1038 4082 1172 4144 errores,
1192 4065 1231 4127 de
1249 4067 1360 4148 quibus

265 4143 436 4224 bucusque,
459 4147 603 4224 Georgius
616 4147 841 4222 animadvertit,
863 4157 970 4208 utnon
988 4149 1153 4226 mitigavit.

349 4229 417 4306 Peg.
440 4236 510 4298 229.
523 4227 643 4294 ”Essem
662 4225 715 4310 ob'.
729 4225 966 4314 nepsypoipesos]
994 4233 1121 4312 Volgsts
1140 4233 1305 4298 Ezechielis
1322 4235 1353 4302 4.

268 4308 365 4384 sepite
376 4316 449 4378 390.
469 4313 602 4376 exbibete
624 4317 676 4375 ubi
692 4317 770 4377 diens
786 4337 843 4398 pro
860 4338 938 4378 enno
951 4317 1115 4400 Prophetes
1131 4321 1259 4384 mnoedi
1278 4323 1353 4380 Deus
