2944 4716
418 347 480 416 ET
500 345 854 418 ANNOTATIONES.
1108 335 1184 417 509
1204 349 1207 356 '

171 502 328 589 ’Μέχρι
287 529 343 586 της
357 507 416 570 νῦν
426 499 524 604 ἀρχῆς
535 500 615 581 hes}
599 501 756 604 §drdpcoJ
775 505 847 568 Post
859 527 954 570 annos
965 505 1002 568 ab
1017 505 1088 568 orbe
1103 527 1185 568 cres·

90 601 122 652 to
139 589 232 658 4725.
250 592 356 671 quibus
378 591 447 649 iniit
464 592 618 670 Olympias
640 591 735 669 prima
757 592 924 654 aduncum
947 593 1043 661 6159
1067 613 1126 674 quo
1147 613 1185 656 ex

90 677 271 736 correctione
285 669 401 736 calculo¹
415 675 526 754 regiam
541 676 641 736 sedem
657 675 730 734 adiit
740 675 916 756 Alexander,
932 680 1004 740 unni
1015 699 1185 740 numeran-

171 805 240 909 ’serit
261 841 294 908 di
313 843 421 924 Τροίας
436 835 596 924 dicineus]
619 843 748 922 Contigit
767 865 845 904 anno
861 855 930 925 post
947 847 1054 906 mundi
1076 847 1185 908 condi·
1257 883 1269 910 ι

88 941 152 991 tum
170 933 263 1000 4330.
278 951 295 988 a
313 949 373 1010 quo
395 929 433 989 ad
451 948 561 988 annum
578 930 670 996 5159.
685 929 775 988 medii
792 933 862 996 828.
880 931 1095 996 intercurrunt.
1137 935 1186 994 Ad

86 1017 208 1076 Eusebii
227 1025 354 1075 mentem
376 1014 459 1074 aliud
479 1014 603 1074 calculis
622 1017 755 1094 pretium
777 1015 884 1074 adiicit
898 1015 1028 1094 Scaliger
1046 1019 1184 1084 Animad.

110 1105 243 1168 s.259.

86 1121 144 1181 Ν
174 1181 261 1247 Κατὰ
275 1181 448 1264 Δέξιππον]
471 1181 567 1243 Ηιιίιιι
588 1183 624 1242 de
645 1183 855 1246 Macedonibus
871 1183 1053 1246 narrationis
1066 1184 1185 1265 Dexip·-

85 1291 160 1352 pum
177 1269 332 1330 authorem
349 1269 478 1348 primum
493 1269 565 1326 haec
577 1269 666 1330 verba
682 1281 820 1349 arguunt.
865 1272 939 1346 Quia
954 1271 1045 1332 fuerit
1059 1269 1184 1330 Trebel-

85 1355 143 1415 lius
158 1356 255 1416 Pollio
273 1355 306 1412 in
324 1353 468 1414 Gallionis
486 1353 602 1414 duobus
623 1355 775 1416 edisserit:
796 1359 872 1416 Dux
886 1369 914 1416 et
928 1360 1057 1436 scriptor
1072 1367 1184 1436 tempo-

84 1463 173 1516 rum,
197 1439 320 1500 llthenie
341 1441 437 1517 putria
463 1439 583 1516 dignuse
605 1439 647 1498 lle
671 1439 832 1500 Alexandri
851 1443 954 1520 gestis,
985 1442 1022 1502 ds
1042 1441 1184 1522 Scythica

85 1524 221 1586 Gallieni
236 1523 442 1603 expeditione,
465 1524 498 1582 in
520 1523 698 1600 categoriae,
721 1525 821 1584 stalis
836 1527 999 1606 scripsisse,
1019 1527 1182 1609 Euuapius,

81 1611 226 1680 Photius,
249 1609 371 1685 Suidas,
393 1610 553 1668 ethctzes
567 1617 722 1672 testantur.
766 1611 832 1668 ntia
847 1611 884 1668 de
904 1611 970 1670 viro
987 1612 1130 1690 Scaliger,
1153 1621 1184 1672 et

80 1695 213 1755 Vossius
236 1693 288 1753 lib.
309 1701 337 1760 2.
374 1694 525 1772 Excerpta
543 1693 580 1752 de
601 1694 799 1772 legationibus
825 1695 931 1772 Regiae
954 1695 1184 1774 Typographiae

79 1777 234 1840 nonnulla
250 1779 312 1838 eius
326 1779 490 1856 fragmenta
506 1787 739 1858 repraesentant.
781 1780 891 1839 Utrum
912 1801 1003 1860 porro
1017 1777 1091 1842 nasci
1104 1779 1184 1854 λέξιν

80 1863 289 1925 narrationem
307 1863 386 1922 hanc
400 1864 568 1944 Dexippus,
590 1866 638 1922 uel
655 1884 692 1923 ex
705 1864 768 1924 eius
783 1865 903 1945 scriptis
917 1865 1060 1943 Georgius
1075 1867 1183 1924 condi-

83 1949 181 2009 derit·
203 1946 350 2007 incertum
367 1958 421 2010 est.
462 1949 576 2008 Laudat
595 1949 673 2008 enim
692 1951 860 2046 llexippum
878 1950 1036 2028 Georgius:
1058 1951 1120 2028 eiua
1135 1959 1183 2008 ta-

84 2053 156 2094 men
173 2031 251 2090 hanc
264 2053 325 2097 csse
343 2033 505 2092 dictionem
521 2032 603 2092 haud
614 2035 734 2094 asserit:
757 2055 846 2114 quare
860 2056 923 2094 non
940 2035 1069 2117 llsxippi
1085 2034 1183 2096 hiato·

85 2117 181 2192 riam,
200 2117 252 2177 sed
269 2140 286 2176 a
306 2117 432 2196 Georgio
449 2118 608 2222 synopsim
627 2119 768 2197 digestam
784 2121 932 2182 existimo.

170 2201 237 2280 1³⁸8·
259 2203 331 2270 264
343 2198 427 2284 Αμιι
440 2228 476 2288 τη
466 2197 642 2287 dcccdccc)
657 2206 755 2289 deessq
776 2205 825 2284 ἔτη
845 2204 894 2284 ἕξ]
924 2203 1088 2266 Adevicta
1104 2204 1183 2266 Per-

84 2285 145 2346 sia:
165 2297 256 2368 prout
270 2289 371 2347 (Ζιιιοη
387 2299 510 2367 uterque
523 2267 748 2348 Mathematicui
762 2299 791 2348 et
802 2291 1029 2350 Ecclesiasticus
1044 2292 1183 2352 determi-

83 2379 168 2431 nant.
211 2373 398 2433 Praesentem
415 2373 573 2434 lectionem
589 2373 726 2431 emendat
741 2375 870 2450 Scaliger
885 2395 952 2454 pag.
967 2376 1019 2440 48.

168 2455 291 2520 Assaria
304 2458 357 2520 καὶ
371 2455 442 2530 τούς
456 2482 507 2537 μετ
511 2453 648 2538 ἀιἰόν.]
671 2457 730 2516 Ista
749 2458 946 2536 paucioribus
963 2467 1117 2520 matrasta
1134 2461 1184 2522 lc·

83 2561 132 2621 gea
146 2543 228 2623 apud
246 2543 405 2602 Eusebium
421 2543 562 2626 scaligeri
576 2563 642 2622 pag.
657 2541 708 2607 48.

170 2626 233 2688 Kal
244 2621 445 2706 Ῥωξάνης
406 2651 462 2706 της
476 2635 523 2690 Aa
524 2627 629 2711 price]
652 2628 693 2685 tu
708 2624 857 2686 duthores
874 2623 1020 2707 plerique,
1036 2627 1078 2686 ita
1090 2627 1182 2684 Geor·

82 2711 148 2788 gius
168 2731 261 2789 unus,
282 2712 371 2772 modo
392 2713 530 2792 Darium,
552 2713 643 2774 modo
661 2712 826 2791 Oxyartem
844 2713 983 2772 Roxanes
998 2721 1115 2792 patrem
1132 2711 1182 2770 as·
1223 2727 1227 2736 ·

80 2795 193 2857 firmat.

154 2883 239 2986 Ῥιε·
260 2882 331 2950 265.
354 2877 440 2944 Καια
455 2905 512 2962 την
527 2876 594 2962 ped
614 2875 827 2961 Ὀλυμπιάδα]
858 2879 1021 2942 Charaeter
1044 2879 1140 2942 MSK
1130 2901 1182 2940 ru-

82 2969 160 3026 ter
146 2963 216 3048 qac'
206 2976 259 3028 .et
273 2961 338 3044 psd‘.
359 2967 397 3027 ob
412 2965 617 3026 characterum
631 2968 805 3028 affinitatem
819 2976 849 3025 et
861 2965 1104 3026 incertitudinem
1123 2965 1182 3025 ob-

84 3072 194 3112 scurus
213 3052 362 3130 Scaligcro
383 3072 450 3132 pag.
470 3052 520 3118 48.
541 3053 653 3130 legitur
669 3045 730 3134 pse‘.
723 3051 903 3150 .Olympias
920 3051 989 3118 114
1006 3071 1044 3110 ex
1060 3049 1182 3112 Antho-

83 3139 123 3196 ris
144 3145 287 3216 computo
306 3137 343 3196 iu
358 3157 468 3196 annum
484 3139 576 3202 5178.
593 3137 718 3212 incidit,
741 3137 794 3216 qui
812 3136 969 3196 Cassandri
983 3135 1181 3197 Macedonum

84 3221 160 3300 regis
176 3221 321 3281 secundi
312 3222 437 3302 imperio
448 3222 554 3281 dedit'
546 3222 674 3298 mitium,
695 3182 823 3281 rlridaso
839 3231 910 3303 post
923 3221 1007 3300 regni
1019 3222 1180 3302 septimum

84 3306 190 3366 munda
203 3308 294 3374 6177
319 3307 508 3386 Olympiadis
526 3311 595 3374 118.
609 3309 733 3374 annosi.
754 3327 833 3366 vavas
848 3315 967 3387 erepto
989 3327 1084 3388 aquo
1102 3309 1180 3390 βρα-

85 3389 139 3471 ztir
154 3384 265 3473 χρόνον
280 3387 405 3472 ὕστερον
418 3391 572 3470 Olympias
588 3393 749 3452 Alexandri
765 3401 860 3452 mater
869 3391 1059 3454 interficitur

168 3477 237 3554 Peg
259 3482 334 3544 266.
350 3475 423 3558 Ἔπη
438 3471 475 3557 β’.
491 3475 543 3540 sol
560 3481 659 3557 μῆνας
676 3473 728 3557 ς’.]
759 3478 861 3538 Annos
885 3477 1023 3576 equidem
1046 3478 1180 3559 quinque

84 3561 263 3639 Lysimacho
286 3561 414 3640 assignat
435 3561 564 3642 Dexippi
584 3563 761 3622 laterculum
780 3562 819 3622 ad
840 3563 1003 3641 marginem
1022 3583 1089 3643 pag.
1105 3567 1178 3628 262

84 3643 167 3705 Duos
187 3667 225 3706 ex
243 3645 418 3708 authoribus
440 3647 506 3706 aliis
523 3647 654 3706 detrabit
666 3647 809 3726 Georgius
825 3669 891 3729 pag.
909 3653 981 3716 270.
994 3647 1027 3707 B.
1044 3653 1180 3724 quaeest

84 3733 250 3809 praesentis
265 3732 481 3792 emendationis
494 3733 582 3794 ratio.
627 3733 780 3794 Caeterum
800 3753 915 3794 manses
935 3731 1048 3810 aliquot
1068 3729 1102 3790 in
1121 3749 1179 3788 an-

83 3833 157 3874 num
175 3837 192 3876 a
207 3817 334 3894 Georgio
348 3817 449 3898 putari
465 3817 536 3875 alibi
555 3817 790 3881 observavimus.

166 3863 324 3966 Βασιλεύει
341 3903 395 4002 i'sq
405 3897 459 3984 iti.
460 3900 473 3982 J
496 3902 557 3962 Cur
571 3923 665 3964 annus
683 3903 789 3965 altcr
778 3923 812 3962 an
831 3897 1038 3961 emendatione
1060 3893 1181 3958 additus

83 4003 149 4064 pag.
167 3989 240 4054 274.
259 3987 337 4046 sub
328 3988 450 4046 mitium
466 3987 580 4051 edocet.

166 4073 237 4150 Pag-
260 4077 333 4139 267.
354 4067 511 4136 Βασιλεύει
527 4065 720 4136 Μακεδόνων
735 4071 784 4174 ἔτη
800 4065 856 4150 pd'.
862 4067 875 4150 ]
895 4068 941 4128 Ita
957 4065 1101 4148 Georgius
1115 4085 1180 4126 non

84 4173 142 4215 uuo
156 4155 237 4216 loco.
266 4157 408 4236 Scaligeri
422 4155 639 4237 Typographus
655 4157 704 4237 ἔτη
717 4151 773 4218 ud'.
794 4157 933 4216 limones.
1156 4189 1159 4196 ,

172 4237 216 4304 Tei
228 4237 323 4323 ἡμίση
338 4246 400 4303 τῶν
414 4248 506 4305 custo
523 4245 618 4304 ettam
631 4241 777 4324 προσέιαξ
762 4235 834 4320 εν.ξ]
858 4239 954 4298 Locus
970 4235 1008 4298 ob
1024 4255 1179 4318 appareu-

83 4333 126 4386 tes
139 4326 275 4388 soloe'cos
299 4326 433 4389 vitiatus.
476 4329 503 4386 A
520 4329 632 4386 Senatu
652 4326 765 4407 quippe
784 4325 822 4386 ed
841 4325 1005 4404 Romanos,
1027 4331 1057 4386 et
1075 4321 1112 4383 ab
1130 4321 1179 4382 his
1231 4414 1235 4423 Ι
