2888 4714
314 341 391 420 464
674 345 1022 418 EMENDATIONES

394 507 429 574 ‘0
448 513 511 574 τοῖν
532 505 658 572 Antei
673 499 777 590 ripole]
805 503 855 566 An
876 501 1003 586 Lycium
1022 503 1071 566 val
1087 505 1245 588 Lycaeum
1259 517 1412 570 emtam

311 595 371 658 hoo
386 595 554 657 vocandum
570 593 704 673 dieputat
718 591 849 670 Scaliger
863 589 1018 650 Animadr.
1038 609 1105 672 pag.
1126 597 1181 658 72
1203 602 1237 654 et
1257 597 1309 660 73.
1333 593 1412 656 Vide

313 683 474 742 Pontacuna
485 679 518 738 in
534 679 613 738 notia
628 675 762 736 adhunc
775 673 902 736 eundem
914 674 1034 736 Eueebii
1046 685 1176 737 textum.

396 765 466 842 Pag·
488 766 558 829 178.
582 757 668 824 Κατδ
682 758 714 824 di
728 757 836 836 ἄλλους
854 755 1005 840 ἥττονος]
1032 761 1204 822 Securrdam
1228 763 1409 824 untentiam

312 849 505 930 amplectitur
526 845 650 908 Aether.
679 844 932 928 APelopidarum
951 845 1063 926 quippe
1083 845 1271 924 primordiis,
1295 847 1409 928 qudrna

206 959 212 970 ·
312 935 507 1014 Mycenarum
531 932 702 992 inatitutum
725 941 770 990 eet
797 949 918 1008 regnum
943 949 1022 989 anuo
1044 931 1138 998 4244
1160 930 1195 990 ιδ
1211 951 1408 994 mcceaaorea

313 1019 548 1080 Lacedaemonaa
564 1037 642 1076 anno
662 1015 754 1082 4423.
775 1013 965 1096 tyrannidem
987 1026 1174 1095 eaeequutoa,
1192 1033 1271 1076 unna
1291 1025 1324 1076 et
1345 1019 1407 1078 vi-

313 1103 390 1185 ginti
407 1105 515 1164 desunt
531 1101 630 1161 onnia
645 1099 788 1162 ducentia.

401 1185 553 1267 Θυμίτης.]
583 1183 714 1260 Scaliger
734 1183 846 1263 ubique
868 1183 989 1264 reponit
1010 1183 1176 1264 Θυμοίτης,
1201 1193 1237 1243 ut
1253 1183 1403 1246 Euaebiua

314 1275 498 1353 Thymoetea¹
538 1269 619 1330 Haec
634 1267 734 1328 eedem
751 1287 791 1330 ex
810 1269 931 1330 Geatore
948 1269 1092 1330 Euaebiua
1110 1269 1151 1329 ad
1168 1289 1276 1329 anunm
1295 1271 1402 1330 Abra-

312 1359 367 1419 hae
382 1361 455 1421 881.

393 1433 462 1500 Ἑνὶ
474 1431 582 1500 τούτου
595 1435 618 1518 ay‘
631 1441 690 1502 τῶν
702 1429 901 1520 Ἐρεχθειδῶν
916 1434 1074 1521 βασιλεία]
1098 1437 1141 1496 lle
1154 1435 1324 1514 Erechtheo,
1341 1439 1398 1518 qui

311 1521 540 1598 Erichthoniua,
561 1523 675 1602 puriter
694 1535 899 1606 nuncupatur,
920 1545 938 1584 a
960 1545 1020 1604 quo
1044 1521 1260 1598 Erechthidae,
1277 1525 1399 1604 scripsit

311 1607 429 1670 tumor
446 1627 511 1688 pag.
530 1611 600 1673 157.
616 1609 652 1670 D.

394 1685 460 1756 'Erit
478 1687 585 1756 antiton
606 1692 704 1773 tireio
717 1693 915 1776 Ἡρακλειδῶν
934 1687 1089 1773 κάθοδος]
1112 1691 1399 1754 elumolium

312 1777 480 1859 irruptione
493 1778 532 1837 ad
551 1775 639 1837 Codri
658 1789 775 1860 tempor
793 1779 891 1840 defixa
913 1779 950 1838 ad
966 1780 1118 1839 traductae
1140 1779 1249 1838 lonum
1270 1779 1398 1838 coloniae

312 1865 369 1924 aub
391 1865 483 1922 Acato
502 1861 654 1922 Archonte
672 1865 822 1942 necundo,
844 1865 882 1923 de
903 1883 961 1943 quo
976 1861 1032 1922 linc
1051 1863 1154 1922 endem
1165 1883 1231 1944 pag.
1249 1863 1349 1923 littera
1363 1865 1398 1924 D.

311 1950 367 2010 vix
391 1949 581 2008 consentiunt
602 1949 671 2008 anni
692 1956 742 2016 60.
765 1969 803 2008 ex
824 1949 1011 2028 quorundam
1032 1948 1157 2008 calculia
1177 1947 1315 2026 requisiti
1332 1968 1400 2028 pag.

313 2035 385 2100 125.
396 2033 429 2093 B.
448 2034 496 2094 vel
512 2041 590 2092 certe
604 2034 698 2111 spatio
713 2053 857 2094 annorum
871 2038 943 2100 267.
967 2033 1077 2093 ibidem
1094 2033 1283 2112 poatlonum
1291 2035 1400 2111 migra-

310 2119 421 2179 tionem
436 2119 473 2176 ad
488 2117 694 2196 Olympiadem
710 2117 836 2195 primam
848 2127 878 2178 et
892 2118 1106 2183 annumliilfi.
1121 2118 1274 2195 aeaignate
1289 2117 1401 2197 aliquid

308 2203 484 2262 demendum
503 2211 654 2262 occurreta
677 2202 726 2262 vel
740 2203 860 2264 tandem
875 2201 1036 2283 periochen
1053 2202 1143 2262 iatam
1163 2223 1227 2262 non
1243 2203 1282 2262 ad
1302 2203 1397 2276 Codri,

306 2287 358 2348 aed
380 2287 418 2346 ed
439 2285 582 2346 Melanthi
602 2305 725 2364 regnum
748 2287 925 2367 alligandam
949 2287 1094 2364 cenrebia,
1116 2297 1146 2346 et
1171 2285 1398 2348 Romulidarum
1436 2327 1437 2345 .

306 2371 481 2434 descensum
499 2391 577 2430 onno
591 2373 684 2439 4399.
705 2385 893 2454 anteceptam,
913 2393 991 2434 auno
1007 2391 1079 2434 vcro
1098 2373 1196 2438 4459.
1215 2373 1329 2432 eminae
1343 2373 1398 2432 lo-
1435 2409 1436 2455 y

307 2477 380 2519 num
398 2457 530 2516 colonien
545 2477 663 2516 aeeerea.

389 2537 454 2604 ’Emi
469 2535 592 2604 Ἀκᾶτον
606 2537 713 2604 letone
731 2535 887 2622 directim]
909 2543 981 2602 Eius
1000 2562 1078 2602 anne
1095 2545 1126 2608 8.
1141 2541 1252 2601 mundi
1266 2540 1357 2608 4459.
1379 2561 1396 2598 ι

308 2648 369 2707 quo
389 2628 427 2686 ad
444 2627 649 2708 Olympiadem
664 2627 790 2707 primam
812 2628 941 2688 ohanne
961 2627 1054 2695 4726.
1072 2625 1305 2700 numerandam,
1327 2625 1396 2685 enni
1433 2639 1434 2673 t

308 2719 381 2778 267.
402 2733 440 2772 ex
460 2713 646 2791 quorundam
668 2722 765 2772 mente
784 2722 931 2794 putentur
950 2731 1015 2792 pag.
1041 2713 1111 2778 125.
1133 2711 1170 2774 B.
1193 2731 1251 2790 qua
1272 2713 1350 2788 leges
1364 2711 1397 2768 in
1432 2729 1433 2783 l

308 2798 444 2856 veniere
466 2798 577 2856 Latina.
612 2800 781 2856 Dea-cenaui
802 2796 1041 2858 Heraclidurum
1061 2806 1268 2856 aucceeeerunt
1285 2797 1396 2856 Ionum
1431 2821 1432 2893 y

308 2879 444 2938 coloniae
464 2885 555 2940 annio
565 2881 760 2960 poatmodum
774 2888 826 2949 60.

390 2967 640 3040 Λακεδαιμονίων
658 2962 694 3028 α’.
715 2968 901 3048 ἐβασίλευσεν
922 2959 1135 3049 Εδρνσθεός.]
1156 2967 1225 3026 Poat
1239 2964 1393 3026 excidium
1430 2921 1431 3004 i

306 3047 413 3106 Troiae
425 3069 503 3108 anno
519 3053 568 3116 82.
588 3051 884 3114 Lacedaemoniorum
899 3071 1021 3129 regnum
1035 3052 1072 3111 ab
1088 3051 1256 3112 Heraclidia
1269 3051 1394 3112 inniru·
1429 3029 1430 3111 i

305 3139 370 3191 tum
389 3133 533 3213 Georgiue
548 3137 678 3196 referem
692 3137 809 3198 Euaebii
824 3139 948 3198 ductum
963 3137 1106 3217 nequitur.
1428 3149 1429 3221 l

329 3302 336 3316 ι
390 3219 457 3362 {²2ss
480 3225 549 3286 179.
572 3217 817 3304 Εδρνσδεδςταδ
831 3216 991 3306 Πρότδης.]
1014 3222 1127 3301 ilignea
1140 3221 1192 3283 hie
1204 3223 1289 3284 lectu
1305 3221 1391 3281 Peta—

305 3321 373 3364 vrue
407 3323 417 3360 ι
439 3351 446 3366 ,
483 3349 490 3366 .
513 3325 546 3364 ca
569 3349 576 3365 .
635 3347 642 3365 .

210 3379 243 3436 V.
255 3374 290 3437 47
388 3309 516 3468 ‘mediet
529 3309 703 3472 ddeoiipffl
724 3391 770 3451 Ila
785 3391 903 3473 reponit
915 3391 1045 3470 Scaliger
1060 3389 1171 3474 pagina
1184 3394 1240 3458 33.
1266 3389 1312 3450 Ita
1323 3387 1392 3466 legit

302 3473 440 3535 Petaviua
457 3474 535 3533 libro
550 3495 631 3535 nono
645 3477 682 3535 de
695 3479 780 3539 Dect.
798 3479 901 3558 Temp.
918 3477 1014 3558 capite
1029 3476 1183 3555 trigeaimo
1202 3475 1314 3557 primo.
1339 3474 1392 3534 lle·
1425 3475 1426 3549 l

303 3579 373 3637 gum
388 3566 487 3618 tamen
502 3559 725 3622 Corinthiorum
742 3571 773 3622 et
785 3563 998 3644 Prytaneornm
1013 3561 1243 3641 llagiatratuum
1261 3561 1389 3620 latercu-
1424 3563 1425 3566 ’

301 3643 366 3705 lum
383 3643 489 3724 pagina
503 3643 678 3706 succedente
697 3667 873 3724 occurreua,
894 3667 988 3706 enuoe
1004 3647 1138 3707 omnium
1161 3665 1226 3707 uon
1246 3645 1306 3706 uiai
1320 3649 1388 3710 417.

303 3738 466 3790 enumeret.
506 3727 643 3790 Advertit
671 3731 830 3792 diacrimeu
855 3731 1010 3808 Pctnviua,
1040 3741 1070 3791 et
1091 3731 1236 3792 ultimum
1261 3725 1386 3811 Cypeelli

303 3815 471 3895 tymnnidia
494 3835 604 3876 annum
630 3815 701 3882 447.
729 3837 842 3876 aumma
869 3816 1180 3898 comprehendendum
1207 3817 1385 3896 auapicatur:

303 3919 361 3960 uec
374 3899 538 3976 immerito3
561 3901 587 3960 ai
604 3901 733 3960 maxime
743 3921 781 3960 ex
794 3902 939 3962 Herodoti
951 3903 1074 3962 calculie
1086 3901 1122 3960 ab
1139 3921 1175 3960 eo
1188 3901 1290 3962 relatia
1303 3899 1386 3977 Cyp-

302 3985 377 4043 aello
393 3985 564 4064 tyrannidis
577 4007 671 4049 ennoe
684 3989 736 4052 30.
752 3997 912 4050 aecenaeat.
953 3987 1072 4047 Atenim
1085 3987 1166 4046 aclea
1179 3989 1232 4054 28.
1253 3981 1383 4066 Cypodlo

302 4079 478 4148 potestatem
493 4072 654 4130 exercitam
667 4069 804 4131 emetitur
819 4072 937 4133 Autlror
947 4091 1015 4153 pag.
1028 4073 1100 4138 218.
1114 4071 1147 4132 Β.
1164 4091 1223 4131 uec
1236 4091 1299 4131 uon
1310 4067 1381 4150 pn'or

303 4151 445 4212 Eueebiua
464 4155 504 4212 ad
523 4155 657 4216 Abrahae
675 4175 785 4216 anuum
809 4159 900 4223 1358.
920 4157 975 4218 aed
994 4175 1092 4234 neque
1114 4155 1248 4237 Cypeelli
1268 4155 1378 4220 exitum,

304 4233 356 4292 aed
368 4237 452 4312 regni
471 4239 636 4316 primordia
656 4239 850 4301 diacernenda
862 4251 964 4302 monet
976 4239 1095 4301 Author
1106 4238 1154 4300 hia
1169 4240 1288 4302 verbio:
1305 4235 1378 4317 pe'w

304 4316 361 4392 ”dt
383 4319 546 4399 uentum
569 4326 761 4408 τυραννίδος,
789 4321 856 4408 ἥτις
873 4331 929 4409 τῆς
953 4319 1092 4392 καθόδου
1110 4327 1173 4390 mir
1191 4319 1377 4410 mnodo*
