2888 4714
275 341 354 424 502
629 345 976 421 EMENDATIONES

278 511 318 574 sd
328 509 410 572 Darii
421 507 601 584 secundum,
623 525 702 566 unns
719 515 749 564 et
768 503 931 582 nonaginta
953 499 1103 560 hahentur
1119 503 1207 564 enni:
1228 502 1268 560 ab
1292 505 1377 564 exet.

277 595 329 656 dio
342 603 423 656 reno
438 613 541 654 venus
555 590 666 654 loacina
681 589 733 649 alii
744 589 867 668 viginti:
889 597 959 647 octo
977 585 1120 646 nimirum
1138 587 1249 646 loecim
1263 587 1379 648 lecho-

277 680 345 741 nise
355 677 480 740 emundi
492 697 586 755 unus,
607 685 638 738 et
651 674 792 738 Sedeciae
806 673 954 734 undecim.
984 672 1126 732 Omnium
1138 691 1254 732 summa
1268 672 1376 732 &cem

276 784 312 824 ec
325 773 453 824 centum.

360 869 431 949 Peg,
454 865 528 935 247.
547 856 695 944 Ἀμύντας
709 859 758 940 ἔτη
771 855 840 942 μβ]
863 857 1008 938 Scaliger,
1027 877 1085 918 nec
1099 859 1230 937 syncello
1245 860 1303 927 42.
1316 881 1377 922 nec

278 952 404 1018 turbio
419 953 470 1020 60.
485 947 626 1012 scribenti
641 946 816 1008 mentitur:
838 955 868 1004 et
882 937 946 1024 pil'.
961 945 1010 1010 49.
1028 945 1158 1025 reponit.

367 1046 464 1130 Οὗτος
484 1051 577 1117 idaeus
596 1049 727 1133 Πέρσαις
746 1043 830 1128 ὕδωρ
844 1045 894 1109 asel
910 1043 990 1127 yria]
1013 1045 1057 1106 Ac
1073 1065 1177 1105 eornm
1189 1065 1218 1105 ee
1229 1045 1377 1106 submisit

150 1197 153 1204 .
280 1141 418 1222 imperio.
459 1139 508 1199 Illi
522 1137 631 1198 etenim
646 1133 773 1210 exteris,
795 1133 947 1192 ulterram
962 1140 1110 1209 etaqusm
1125 1141 1273 1211 pararent,
1295 1131 1379 1191 bel-

187 1229 269 1286 V.6t)
286 1227 349 1287 lum
370 1223 547 1286 inserebant.
594 1219 697 1280 Iudith
723 1239 786 1298 cap.
808 1224 839 1284 2.
860 1235 891 1276 v.
910 1215 995 1274 iuxta
1028 1217 1172 1274 Graecam
1194 1217 1317 1275 litteram
1342 1219 1377 1282 5.

281 1307 572 1377 Nabuchodonosor,
591 1303 663 1364 alias
675 1305 790 1364 Xerxes
807 1303 893 1362 Perse
906 1299 1052 1382 praecipit
1066 1299 1259 1381 holopherni.
1277 1295 1378 1382 laoy-

282 1401 374 1482 ριλιῐς
393 1387 495 1466 adroic
512 1385 676 1472 ἑτοιμάζειν
698 1412 750 1472 μοι
763 1391 821 1470 γῆν
833 1385 885 1448 nul
907 1381 1010 1466 ὕδωρι
1035 1385 1233 1446 rsnwsoiabs's
1254 1387 1317 1444 iltis
1336 1397 1378 1444 ue

282 1479 358 1539 milit
375 1487 561 1556 praeparent
583 1486 696 1535 terram
715 1485 743 1532 et
760 1493 782 1530 α
804 1493 893 1532 uum:
914 1470 993 1529 idem
1014 1471 1094 1529 misit
1109 1471 1321 1532 caduceatores
1338 1472 1376 1530 in

283 1563 439 1624 Graeciam
449 1555 626 1644 αἰτήσοντας
637 1557 755 1644 γῆνκαὶ
769 1559 868 1640 υδοιρε
883 1558 939 1636 qui
945 1565 1078 1636 peterent
1092 1567 1209 1616 terrant
1220 1568 1375 1638 anquam.

280 1648 618 1814 umidilidlmddael
648 1729 745 1804 Quam
766 1725 937 1807 importune
958 1743 1071 1786 mm
1093 1729 1290 1807 Wlfflin*
1305 1729 1376 1786 soa-

282 1819 373 1894 liger‚
395 1827 426 1878 et
445 1817 551 1898 putide
569 1835 601 1874 ee
618 1813 725 1889 iactet,
746 1811 811 1892 ipae
834 1810 896 1870 eius
917 1811 1008 1869 verba
1025 1811 1191 1872 declarent.
1234 1815 1378 1893 Reliqua,

283 1903 381 1984 inquit
393 1903 462 1963 Not.
476 1901 581 1983 pagine
593 1900 664 1966 258.
676 1897 771 1958 huicce
778 1899 934 1977 pericopes
948 1897 1050 1956 omisit
1060 1883 1285 1976 Ιῖιινοιινιοιιιιο,Ι
1302 1901 1377 1976 quia

158 2027 161 2034 ι
284 1989 429 2050 obscura.-
451 1995 481 2046 et
497 1985 638 2046 inferiuse
662 1985 760 2062 Quia,
776 1985 921 2060 ἰἰιριιαιιι,
943 1981 1088 2040 obscurus·
1103 1984 1192 2041 Iocus
1207 1987 1290 2043 uisae
1301 1985 1374 2042 Isse·

284 2093 424 2151 ronymo,
440 2081 601 2152 propterea
620 2067 660 2126 ab
679 2087 711 2125 eo
732 2069 873 2125 omissus.
915 2065 996 2126 Haec
1014 2067 1160 2146 Scaligeri
1177 2071 1212 2128 in
1227 2067 1377 2146 Hierony-

282 2177 363 2222 mum
379 2154 562 2229 reverentis,
582 2161 619 2210 ut
636 2151 855 2232 paroemiarum
876 2169 969 2228 nugas
982 2159 1012 2209 et
1026 2153 1302 2212 vaenalitisrisrnm
1318 2155 1376 2212 lor·

281 2241 378 2300 snulas
394 2241 545 2316 ignorasse
560 2237 732 2316 frequenter
747 2235 781 2294 in
800 2235 861 2295 suis
876 2235 1180 2296 animadversionibus
1194 2239 1374 2316 expostulet.

285 2325 396 2384 Omisit
409 2324 627 2400 Hieronymus.
655 2319 695 2381 lt
712 2320 812 2384 sinon
825 2329 942 2380 constet
956 2321 1116 2380 Eusebium
1130 2322 1294 2402 scripsisse,
1317 2342 1374 2380 cur

282 2407 383 2468 omisit
404 2405 627 2486 llieronymue'l
649 2405 774 2487 Scripsit
793 2405 937 2484 Georgius
960 2407 1133 2484 syncellus:
1154 2427 1192 2466 sn
1210 2407 1276 2466 ideo
1292 2407 1373 2466 scri·

248 2485 254 2502 ⁶
281 2493 344 2575 psit
358 2491 525 2552 Eusebiusl
547 2491 646 2566 Quem
660 2491 776 2552 diverse
792 2489 992 2569 Hieronymus
1005 2491 1109 2551 omisit
1122 2493 1212 2570 clara,
1230 2491 1370 2572 patentis,

282 2579 363 2639 scitu
377 2577 482 2658 dignu,
504 2597 580 2656 quae
593 2575 710 2658 placuit
730 2575 880 2651 omisisse,
901 2595 939 2633 ne
954 2575 1059 2636 caricis
1073 2579 1161 2655 nugit
1174 2588 1205 2638 et
1218 2579 1373 2652 Gramma·

282 2663 447 2724 ticulorum
467 2662 590 2741 argutiis
614 2659 884 2742 deprehenderetur
898 2659 1030 2736 acutius,
1055 2681 1143 2740 qnam
1163 2663 1266 2724 utilius
1279 2673 1375 2722 atten-

283 2748 376 2810 derel
402 2747 498 2824 Quem
521 2767 593 2806 vero
610 2745 810 2806 reconditiora
826 2745 963 2804 Parnassi
979 2765 1073 2824 specu
1093 2748 1246 2808 Musarum
1265 2758 1373 2827 mystes

281 2845 401 2916 promet
414 2831 582 2893 doctrinam
595 2829 634 2890 sd
649 2850 736 2910 quam
751 2829 926 2910 Hieronymi
940 2829 1070 2910 caligent
1084 2833 1189 2893 oculi'l
1209 2833 1305 2910 Picus,
1318 2831 1371 2908 ait,

281 2917 360 2976 vidit
372 2920 505 2993 Xerxes,
525 2909 663 2998 ‹pelisilesr
674 2934 723 2975 ees
736 2923 861 2993 vocant,
882 2915 994 2976 iuravit
1007 2937 1070 2976 non
1082 2929 1279 2996 guetstnrurn,
1300 2918 1375 2996 quin

283 3009 391 3060 terram
408 3021 456 3059 eas
475 3003 675 3080 proferentem
694 2999 845 3060 subditam
864 2999 953 3060 ermis
975 3001 1121 3068 redderet.
1170 3003 1250 3065 ilinc
1263 3003 1375 3064 bellum

282 3077 328 3146 ds’
342 3079 464 3165 ἰσχάδας
482 3079 603 3148 cocceiu-
644 3085 733 3144 Haec
752 3085 882 3144 obscura
897 3087 1096 3165 Hieronymo,
1116 3099 1278 3170 propterea
1292 3089 1330 3148 ab
1342 3109 1373 3147 ea

282 3171 406 3232 omissa.
433 3167 565 3230 Cleriora
582 3171 683 3230 forsan
702 3189 778 3252 qnae
793 3169 924 3247 Scaliger
937 3170 1015 3229 inter
1037 3172 1116 3248 olet,
1137 3177 1190 3234 vel
1204 3175 1302 3256 potius
1315 3174 1370 3232 dis-

283 3254 358 3314 suit:
380 3251 555 3334 ὅΜηδιιιός
574 3249 700 3336 πόλεμος
719 3251 770 3318 dui
791 3249 933 3335 Φιβᾶλεις
953 3255 1090 3338 luguriam
1127 3257 1222 3334 Quod
1242 3269 1370 3338 seq-tur

282 3349 381 3396 autom
397 3339 523 3418 Φίβαλις
534 3335 568 3401 di
583 3339 679 3421 δῆμος
690 3342 744 3420 τῆς
755 3333 902 3420 Ἀττικῆς,
922 3359 978 3399 nec
992 3344 1150 3422 exposuit,
1174 3366 1231 3406 nec
1251 3341 1322 3424 quid
1335 3341 1368 3401 in

282 3441 318 3480 eo
340 3422 548 3502 profundioris
570 3443 672 3483 seruus
693 3424 786 3502 latet,
807 3423 961 3505 exposcite
984 3438 1013 3485 et
1033 3435 1068 3487 ut
1086 3429 1182 3490 verba
1200 3429 1368 3491 reddamus:

182 3508 213 3564 Ρ.
231 3511 267 3566 66
283 3505 364 3567 llaec
382 3505 677 3587 obscuraScaligero:
700 3518 859 3589 propterea
874 3509 910 3567 ab
926 3529 960 3569 eo
977 3512 1091 3572 omissa.
1123 3515 1219 3575 Plana
1234 3515 1328 3577 reddit
1340 3521 1368 3572 et

283 3591 362 3656 clera
369 3590 634 3672 Dicaeopolieepnd
643 3593 871 3675 Aristophanem
878 3614 958 3654 suem
967 3595 1366 3680 aivepuellaminterrogsns:

441 3699 490 3762 Δι.
510 3698 606 3776 χοῖρε,
628 3699 716 3778 χοῖρε.
730 3699 796 3766 llo.
817 3697 882 3775 κοῒ,
904 3698 961 3762 eoi.

326 3773 455 3861 Τροὶγεις
477 3775 631 3860 &addicar
653 3775 792 3860 ἰοχᾰδαςς
814 3785 871 3844 Κο.
888 3783 958 3860 κοῒ,
980 3785 1037 3846 sol

326 3865 362 3928 Ti
381 3863 448 3942 tat,
470 3868 547 3930 σῦκα
566 3859 692 3948 τρώγοις
712 3859 802 3939 ιιιῖιὸς
822 3861 879 3944 ἅν,-
902 3871 958 3928 Κο.
980 3870 1048 3946 ιιοῒ,
1070 3873 1128 3934 κοΐ.

440 3965 487 4030 Di.
508 3969 616 4042 Parce,
638 3985 739 4048 parce.
762 3967 817 4030 Pu.
841 3967 909 4043 Coi,
932 3967 993 4032 Coi.

292 4019 366 4109 'nt
388 4049 560 4112 camerano
580 4051 696 4112 aaran
716 4062 801 4112 natas
821 4051 919 4114 fieus?
940 4055 993 4112 ru.
1014 4055 1086 4132 cot,
1110 4059 1173 4118 car.

317 4133 365 4191 Di.
384 4135 467 4194 ltsoe
488 4135 562 4196 ficus
583 4137 737 4200 comedisl
759 4139 815 4200 Pu.
838 4137 905 4213 Coi,
928 4138 991 4196 Coi.

277 4227 455 4324 §cholinus
471 4237 503 4294 in
525 4237 608 4300 hsec.
653 4241 781 4322 Φίβολις
801 4234 894 4312 τόπος
914 4242 1103 4322 Μεγαρίδος,
1125 4241 1212 4307 letos
1234 4239 1360 4320 Ἀττικῆς.

228 4409 231 4416 Ι
278 4309 496 4440 “emilienses
517 4315 587 4404 poia·
614 4323 703 4408 ρῦνος
718 4320 752 4391 dl
764 4327 859 4406 συκῆς
876 4321 1045 4408 ἐπιτήδειοι
1061 4327 1103 4402 εἰς
1117 4329 1265 4410 ξηρασίαν
1281 4321 1358 4408 lopi-
