2960 4716
270 371 317 443 12
650 379 691 450 G
713 377 755 451 G
777 379 985 450 BREDOVH

267 543 404 620 εὀᾳιιοοι,
425 539 478 598 ille
490 531 630 606 ιιοοῑιιο”
654 571 691 584 -
715 536 805 598 verba
817 545 917 598 autem
934 535 1052 598 lineolis
1066 535 1226 598 distincta
1216 559 1249 598 m
1265 537 1363 600 Grae

267 621 577 685 cisnonsunt.1ta
598 622 717 684 verba
705 633 916 731 interpungas:
937 615 1028 686 ’dic’
1008 646 1082 708 ορχῃ
1072 622 1244 726 ’ἐποίησεν
1259 620 1364 700 teste

265 707 319 774 ιδν
316 704 465 814 ον’ρονδν
478 703 585 772 καὶ
547 731 604 816 την
617 731 693 814 μην.
705 702 791 814 Ἀρχὴ
805 702 905 788 πάσης
917 711 1057 814 χρονικοῖς
1070 701 1218 790 κινήσεως
1231 714 1286 790 τῆς
1300 709 1362 772 uti-

265 789 342 867 οεοές
360 794 438 857 έοτιν
458 823 502 842 -
522 785 596 880 ἕνῇ
616 792 635 857 δ
656 786 787 896 ον’ρονδς
809 791 898 874 notri
915 797 957 874 γῆ
969 817 1051 873 ccco
1043 788 1147 856 Θεοῦ
1159 817 1287 874 ποτμος,
1309 790 1361 857 διδ

264 880 338 943 olori
365 883 547 980 μονογενοῦς
568 877 620 940 καλ
644 873 815 958 πνεύματος
835 877 924 984 δγλον
943 882 998 957 τῆς
1019 876 1111 980 dying
1126 878 1176 942 ιιολ
1199 883 1363 960 {mogontie

264 962 425 1066 δμοοοολοο
441 905 583 1072 τριάδος,
605 962 639 1026 ts
660 959 702 1044 μή
722 959 818 1026 ὄντων
835 963 878 1038 εἰς
891 985 924 1026 το
914 958 1017 1026 εἶναι
1029 957 1237 1068 πορῆχθη-
1257 963 1364 1070 ἦᾶγίοι

263 1042 479 1156 semisermo
495 1045 592 1130 ημέρα
610 1051 667 1110 τοῦ
685 1042 807 1130 πρῶτον
828 1045 942 1130 μηνδς,
965 1043 1084 1110 Νιοσδν
1105 1047 1264 1130 λεγομένου
1284 1042 1364 1160 ccq'

263 1128 461 1216 Ἑβραίοιςκ.
479 1155 504 1194 τ.
522 1137 548 1195 λ.
592 1134 652 1211 „In
664 1136 820 1212 principio
837 1135 913 1212 fecit
933 1136 1021 1193 Deus
1038 1133 1154 1192 coelum
1175 1145 1203 1192 et
1217 1131 1361 1197 terram.”

264 1219 345 1279 Haec
361 1219 451 1278 verbs
466 1219 609 1298 Georgius
623 1239 640 1278 o
657 1227 760 1278 sancta
773 1217 922 1300 scriptura
935 1217 1133 1279 transscribit.
1175 1219 1272 1292 Quum
1287 1239 1362 1280 voro

263 1315 381 1385 tempus
399 1306 548 1383 principii
568 1325 630 1364 non
653 1303 772 1362 finitum
790 1303 843 1378 sit,
865 1301 923 1363 hoc
943 1303 1082 1363 finiturus
1095 1303 1195 1364 addit.
1216 1303 1364 1386 „Princi-

263 1390 349 1471 pium
364 1390 460 1450 omnis
476 1389 634 1450 creationis
649 1387 694 1470 (in
708 1409 768 1468 quo
782 1389 899 1448 coelum
916 1397 946 1447 et
956 1399 1035 1450 terra
1050 1419 1086 1434 -
1105 1423 1142 1436 -
1157 1421 1201 1436 -
1211 1398 1363 1449 -creata

264 1473 349 1553 sunt)
371 1485 415 1534 est
440 1475 491 1534 ille
513 1484 634 1534 sanctus
655 1473 870 1554 primocreatus
896 1472 959 1532 dies
981 1473 1071 1555 primi
1092 1475 1201 1534 mensis
1222 1474 1364 1534 Hebraici

263 1559 374 1630 Nicen,
397 1561 449 1639 qui
466 1559 575 1619 incidit
594 1561 626 1618 in
648 1558 823 1638 vigesimum
844 1559 981 1638 quintum
1002 1559 1111 1618 mensis
1124 1559 1249 1618 Romani
1261 1558 1363 1620 Martii

264 1642 357 1704 cett.''
366 1677 409 1690 -
420 1644 500 1707 doci
514 1665 576 1704 non
590 1653 660 1724 apto
669 1645 738 1704 loco
746 1645 877 1724 positum
892 1653 948 1720 εει,
965 1663 1062 1724 neque
1074 1645 1197 1722 legimus
1210 1653 1364 1704 auctorem

263 1729 381 1790 Atticae
394 1729 570 1808 graecitatis.
584 1761 628 1776 -··
639 1729 830 1810 Nequaquam
841 1747 912 1788 vero
929 1738 998 1788 ante
1009 1725 1170 1809 δμοοοοίοο
1184 1749 1253 1788 cum
1262 1729 1363 1788 Goaro

263 1815 375 1874 inseras
388 1813 465 1876 καλε
482 1812 505 1896 ἦ
518 1811 677 1894 δμοοδοιος
689 1815 774 1896 solco
787 1823 832 1874 est
843 1833 937 1873 unum
952 1824 1104 1894 tamquam
1116 1813 1257 1876 verbum
1272 1833 1365 1892 „san-

178 1979 183 1989 ,
264 1909 312 1960 cto
330 1909 359 1960 et
374 1899 495 1960 vivifica
514 1899 774 1960 consubstantialis
787 1897 959 1966 Trinitas?

347 2001 455 2108 Paga.
471 2002 503 2064 Δ.
527 1997 643 2063 Post
610 2021 721 2082 κοσμον
736 2001 865 2061 maximo
879 2021 963 2079 signo
973 2000 1209 2081 interpungatur
1230 2003 1364 2080 Sequen-

261 2083 305 2144 tia
324 2077 452 2166 Hsci'
414 2109 451 2148 ον
472 2118 515 2134 -
534 2119 577 2134 -
597 2085 1365 2168 itaexplico:‚,Huncannum55341nsximere-

262 2170 393 2250 spiciens
416 2191 529 2230 summa
552 2193 622 2232 cum
636 2171 789 2250 diligentia
800 2169 858 2229 hoc
873 2170 1044 2230 Chronicon
1059 2191 1237 2251 componere
1251 2169 1363 2248 studui,

260 2254 438 2336 praesertim
452 2269 553 2334 quum
574 2257 710 2336 plerique
729 2255 866 2316 historici
886 2255 969 2314 hunc
982 2275 1094 2314 annum
1107 2275 1212 2316 verum
1226 2273 1364 2315 essenon

261 2341 457 2399 consentiunt
464 2343 675 2422 ,probaturus
687 2345 824 2420 partim,
847 2336 894 2403 ὅτι
909 2363 945 2406 τε
965 2373 1009 2386 -
1029 2373 1072 2388 -
1078 2343 1224 2421 ,partim
1237 2335 1334 2402 ιιολ”
1315 2363 1365 2403 οτι

260 2455 305 2470 -
326 2427 394 2470 -’'
396 2387 538 2488 ,Virsio
557 2427 650 2486 latina
666 2426 757 2486 Gosri
774 2427 863 2504 longe
875 2425 1013 2486 discedit.

346 2527 413 2606 Peg·
437 2527 523 2593 21).
547 2527 576 2590 ei
594 2523 651 2632 γδρ
669 2553 711 2610 μη
727 2531 816 2590 τοῦτο
832 2529 947 2607 δεδμεν,
970 2525 1051 2590 ἔσται
1067 2521 1123 2607 μὲν
1138 2521 1268 2608 δ’λλητις
1283 2519 1362 2607 cippi

261 2645 298 2657 -
322 2609 583 2720 -ιιρεσβντέρα,
606 2609 726 2693 ἄλλην
745 2611 847 2696 ἑτέρα,
867 2605 990 2675 aud'‘'
968 2634 1058 2692 ηνιι.
1081 2615 1216 2673 τ..-λ
1243 2613 1363 2670 Goarus

258 2707 356 2756 mutat
369 2698 431 2759 καὶ
449 2693 559 2777 δι’λληι
576 2707 701 2777 apparet
710 2697 875 2776 legendum
883 2717 960 2756 esse
979 2695 1059 2758 ἔσται
1073 2693 1142 2774 μὲν
1156 2693 1178 2757 δ’
1184 2701 1363 2774 tte--

259 2777 334 2861 ἄλλη
349 2783 368 2844 δ
375 2780 388 2843 ὲ
404 2779 502 2863 istoc,
528 2781 619 2842 simul
631 2803 709 2841 emm
726 2803 814 2841 cauea
827 2781 1047 2862 depravationis
1063 2789 1161 2856 patet.
1184 2783 1250 2856 ΔΕ,
1271 2799 1364 2860 prae-

260 2865 365 2925 sertim
385 2866 741 2944 Eaequento,focile'1n
760 2871 796 2924 N
801 2865 911 2921 mutan
925 2869 1034 2944 potest

346 2967 415 3044 Peg.
436 2969 466 3031 3.
488 2961 567 3026 Δ.“
544 2989 586 3045 ην
609 2961 798 3046 (ημέροιν)ρ
772 2957 1103 3045 οςθεμέλιονοῖδροιγῆ
1117 2957 1364 3042 κολβᾶσινδσει-
1408 2949 1410 2954 ,

261 3067 332 3149 σοον
360 3044 541 3132 πηξάμενος.
594 3051 725 3110 Goarus:
757 3069 839 3128 „quo
863 3049 945 3108 velut
968 3045 1144 3107 inconvulso
1168 3047 1363 3111 fundamento

260 3145 292 3196 et
304 3135 480 3195 inconcussa
498 3133 562 3194 basi
577 3131 739 3193 stabilitaf'
761 3131 953 3214 θεμέλιον
966 3127 1039 3214 oid
1020 3159 1037 3213 μ
1047 3135 1119 3214 ανῆ
1134 3151 1196 3190 non
1210 3143 1366 3235 tamquam

260 3221 482 3280 substantivum
505 3229 535 3279 et
556 3219 735 3278 adiectivum
752 3219 891 3298 coniungi
904 3227 1046 3321 possunt3
1068 3215 1210 3296 θεμέλιον
1224 3223 1302 3278 enim
1319 3230 1364 3280 cst

259 3307 396 3366 neutrius
410 3305 534 3384 generis.
563 3304 648 3362 Aut
639 3303 731 3382 igitur
745 3304 936 3365 scribendum
951 3311 995 3362 est
1010 3295 1146 3383 ἆρῤογές,
1168 3303 1363 3380 quodminus

258 3391 376 3473 placet,
401 3401 452 3450 sut
471 3391 665 3469 interpungas
686 3399 757 3470 post
776 3389 934 3472 θεμέλιον,
957 3397 987 3448 ot
1001 3385 1187 3468 θεμέλιον
1158 3407 1188 3447 vr
1210 3389 1362 3488 adiectivi,

259 3497 319 3556 qua
334 3475 462 3552 dicitnr,
486 3475 523 3534 ad
535 3471 626 3556 βάσιν
638 3475 758 3536 referas

343 3579 411 3657 Pag.
433 3581 463 3644 3.
486 3573 559 3638 C.
541 3575 583 3650 οδς
604 3575 824 3658 προδέδειχθοι
844 3577 925 3656 legas
942 3572 1155 3658 προδέδεικται.

345 3681 413 3757 Peg.
431 3683 462 3745 3
486 3682 521 3786 D
542 3676 837 3786 ἒνημέοαοιοριοιιῇ,
850 3666 1266 3758 ἥιοιμιᾶςοοββοῖτοο,
1280 3673 1362 3738 δοιοί·

231 3773 237 3789 ’
258 3783 332 3846 ηοεν
347 3789 364 3829 ο
353 3762 502 3839 Θεδς
474 3789 524 3829 τον
545 3758 676 3848 ον’ρανδν
697 3759 803 3826 aci
769 3787 825 3843 την
844 3767 912 3845 γῆν.
933 3795 976 3810 ·-·
997 3762 1094 3822 Verba
1117 3761 1278 3840 depravata
1299 3780 1364 3820 esse

154 3873 158 3880 ·
260 3861 401 3930 apparet,
424 3869 603 3930 quemquam
620 3849 736 3910 Goarus
758 3869 819 3908 non
840 3848 928 3910 vidit.
970 3841 1363 3927 Σάββαοονοοὶιοοεο-
1451 3907 1453 3922 1

258 3936 335 3996 trius
350 3936 463 4014 generis
482 3945 543 4012 cst,
567 3954 664 4015 neque
680 3933 828 3995 numersli
847 3927 903 4005 εἷς
915 3931 967 3991 hic
985 3932 1070 3992 locus
1087 3951 1165 3992 auus.
1209 3931 1240 3988 Si
1251 3949 1363 3990 nomen

261 4021 330 4078 Sab
261 4021 419 4080 Sbati
432 4023 511 4122 apud
526 3981 686 4099 Georgium
699 4017 916 4078 hebdomadem
930 4017 1125 4096 significaret,
1147 4025 1293 4074 mutarem
1305 4019 1364 4080 roei

262 4098 383 4186 πρώτου
401 4099 617 4208 οοββοτοο-
638 4107 708 4186 μιᾶς
732 4103 812 4164 enim
833 4101 940 4182 aliquis
962 4101 1039 4160 male
1058 4101 1177 4182 scripsit
1194 4121 1250 4180 pro
1276 4101 1361 4178 signo

262 4191 378 4249 numeri
403 4191 494 4270 primi
509 4184 536 4252 α’
551 4211 608 4248 -.
631 4209 723 4268 qutun
737 4210 808 4248 vcro
821 4185 909 4248 husus
920 4185 1064 4266 loquendi
1078 4205 1150 4246 usus
1163 4185 1298 4264 exempla
1315 4205 1363 4244 re-
1465 4245 1466 4250 ,

263 4274 363 4356 perire
382 4295 444 4334 non
466 4275 567 4354 potui,
589 4272 725 4334 verbs
700 4273 803 4349 ericio;
826 4293 862 4331 cc
882 4283 1002 4330 monum
1020 4263 1192 4349 glossatoris
1208 4290 1270 4332 vox
1287 4289 1361 4350 quo·

264 4379 322 4439 que
336 4356 409 4418 huic
420 4360 487 4420 loco
504 4379 627 4441 prorsus
640 4354 772 4418 aliena''
750 4380 840 4440 ηιοι
854 4355 934 4416 haud
951 4357 1076 4418 obscure
1092 4353 1215 4416 indicat.
