2888 4714
306 339 382 420 456
672 343 1019 423 memunmoules

308 507 498 573 coutentium
515 525 617 568 omnea
635 506 766 568 excitam
773 550 783 584 ,
803 503 843 566 de
858 525 958 566 merae
969 505 1041 566 lieet
1053 503 1242 580 diffideret,
1264 505 1331 568 lrac
1351 509 1407 570 Pa-

306 682 372 740 dem
386 679 560 760 imputante.
602 678 696 740 Miror
711 673 883 737 Aulumneli
899 675 1057 754 Georgium
1071 677 1257 758 repoeniaae,
1278 687 1310 738 et
1330 689 1406 739 ante

303 764 455 846 tropicum
469 763 637 842 hybernum
650 761 787 822 ammiane
799 761 950 821 excidium
962 762 999 820 ab
1015 761 1233 840 antiquioribm
1240 807 1251 838 ,
1276 763 1403 844 Diony-

303 851 347 910 eio
361 847 490 908 maxime
504 841 773 922 Halicarnaeeeuai,
795 855 864 907 ente
876 847 1021 906 aeetivum
1037 846 1181 906 accidieae
1191 848 1401 910 aestimatum.

303 934 464 1014 Sugillavlt
484 933 629 1012 Scaliger,
656 931 708 992 aed
730 931 841 992 miliue.
883 929 1058 1007 Quomodo,
1088 931 1201 1011 iuquit,
1228 943 1351 1012 cepam
1373 945 1402 992 et

303 1019 403 1080 ᾱιοειη
428 1015 535 1077 diebus
557 1029 630 1076 ante
649 1017 806 1093 brumam,
832 1019 861 1076 ei
880 1017 1052 1077 autumno?
1081 1017 1199 1078 scilieet
1218 1015 1399 1098 hyberum

301 1104 455 1187 tropicum
474 1105 511 1164 ab
526 1112 667 1162 autumno
682 1101 851 1182 praeveniri
867 1101 999 1182 Scaliger
1013 1101 1139 1182 ignorat.

386 1200 556 1284 Ἀθηναίων
576 1197 625 1266 ae'.
648 1203 837 1282 ἐβασίλευσεν
853 1196 1056 1284 Μενεσθεύς]
1076 1205 1189 1264 llureue
1207 1204 1265 1264 ille
1308 1209 1396 1267 Puto

302 1293 377 1352 baec
388 1290 556 1350 Eoeebium
569 1309 603 1346 ex
615 1286 768 1365 Africano
782 1290 960 1367 aumpeiaoe:
983 1289 1065 1348 Nam
1078 1287 1116 1347 de
1129 1293 1219 1348 manis
1229 1291 1396 1350 Menesthei

302 1379 392 1435 aliter
404 1377 494 1433 eentit
507 1377 541 1432 in
557 1373 686 1434 Canem.
714 1371 791 1452 Ergo
808 1371 882 1432 baec
898 1393 968 1433 vere
982 1373 1108 1452 Georgio
1123 1375 1248 1456 templa,
1269 1375 1394 1452 Georgii

302 1459 453 1605 stilti
466 1458 593 1604 ltili:
603 1456 1224 1626 llltlilliltltllsstlilllet.
1233 1469 1262 1521 ⁰*
1279 1469 1393 1520 “¹¹¹⁰“

386 1647 454 1726 Peg.
477 1647 547 1712 173.
571 1640 816 1726 Kel‘ednpooov
832 1642 938 1726 lipom]
973 1645 1074 1706 Placet
1102 1645 1228 1708 omnine
1253 1645 1392 1726 Scaligeri

304 1731 472 1794 emendatio
489 1751 555 1812 pag.
572 1735 732 1796 textueul.
749 1723 1053 1816 σόγχρονονὍμήρφ.

387 1834 456 1912 Peg.
480 1834 550 1899 174.
578 1828 638 1896 Tdv
653 1831 686 1896 ἒν
699 1823 844 1912 Ὀλυμπία
861 1831 1001 1912 erpoinum]
1024 1833 1152 1892 Euaebio
1174 1827 1206 1916 (e
1221 1833 1309 1892 cuiue
1321 1833 1393 1891 aeri·

303 1918 364 2000 ptia
376 1937 519 1980 uumerue
532 1918 589 1978 iate
598 1911 653 1980 oi'.
665 1891 835 1996 excerplml
850 1915 886 1974 ab
899 1915 1072 1978 Herculead
1085 1920 1211 1998 primam
1223 1917 1277 1976 aab
1291 1915 1391 1995 lpbilo

304 2003 511 2084 Olympiadem
526 2023 618 2062 annor
641 2001 712 2067 430.
733 1999 902 2058 numeranti
924 2001 1073 2062 comeulit
1092 2002 1250 2080 Georgius.
1292 2003 1393 2060 bunos

302 2098 403 2148 temen
428 2087 559 2166 quinque
581 2085 713 2144 Librario
731 2103 799 2144 reor
819 2084 979 2164 acidiam,
1000 2095 1035 2146 ut
1055 2107 1073 2146 a
1093 2087 1202 2147 mundi
1219 2088 1315 2154 4290.
1337 2106 1392 2164 quo

301 2171 403 2230 laradi
424 2173 567 2247 Sempeon
586 2169 681 2228 ludex
700 2167 787 2228 datae
811 2177 871 2240 eat,
896 2169 935 2228 ed
949 2171 1041 2238 4726.
1056 2181 1088 2232 et
1100 2171 1317 2251 Olympiadem
1329 2171 1391 2252 pri-

284 2251 380 2314 'mam
395 2253 526 2312 medium
538 2254 681 2334 temperie
699 2255 828 2334 epatium
842 2273 881 2314 ex
893 2275 987 2334 nequo
1004 2276 1170 2346 congruere
1185 2257 1332 2318 videatur.

389 2349 432 2418 Tel
445 2350 500 2435 plu
512 2347 611 2436 Ἰησοῦ
629 2353 744 2436 Ναυῆ]
766 2353 938 2416 Occurrunt
955 2354 1030 2418 baec
1045 2357 1126 2439 apud
1142 2357 1388 2418 EuaebiumSca-

300 2439 386 2518 ligeri
406 2459 472 2522 pag.
492 2443 544 2508 31.
564 2441 709 2521 quaedem
724 2461 842 2522 quoque
853 2441 906 2502 bic
921 2442 1013 2505 relata
1029 2442 1153 2524 lingitur
1167 2443 1311 2506 Eusebiae
1325 2442 1388 2502 elo·

299 2525 353 2606 qui
374 2543 441 2606 pag.
461 2528 514 2592 82.

384 2611 454 2690 Pag-
477 2610 550 2677 175.
571 2604 643 2676 'Edu
665 2601 724 2675 nale
739 2607 815 2674 eard
831 2605 885 2676 eda
904 2605 1104 2692 meteone}
1126 2612 1150 2674 E
1168 2614 1298 2695 proprio
1312 2631 1388 2694 penu

300 2695 466 2757 dulberem
480 2695 553 2755 haec
571 2697 790 2777 deprompaiaee
802 2705 932 2758 tactatur
943 2699 1075 2777 Scaliger
1089 2697 1161 2762 Not.
1177 2702 1286 2779 pagina
1298 2699 1367 2765 255.

381 2793 474 2860 Ἐτοῖν
487 2791 576 2880 publ]
599 2797 647 2858 dd
663 2797 805 2860 Aetheria
822 2809 961 2862 mentem.
996 2799 1086 2860 Ponit
1098 2799 1211 2881 quippe
1218 2801 1387 2882 prefectum
1432 2799 1433 2803 ’

298 2901 338 2941 ex
359 2881 494 2962 Aegypto
516 2883 666 2943 communi
686 2884 793 2944 mundi
812 2905 890 2944 nuno
905 2889 998 2952 3816.
1019 2885 1205 2945 Salomonem
1228 2884 1387 2966 imperium

298 2967 458 3044 eumpaiaae
477 2967 570 3032 4470.
592 2969 703 3049 templo
723 2969 907 3029 aedificando
932 2969 1012 3028 circa
1035 2969 1141 3029 mundi
1161 2971 1255 3036 4475.
1275 2969 1388 3046 invigi-

198 3053 232 3107 Ρ.
247 3049 282 3108 19
299 3051 389 3108 lacae:
412 3051 492 3111 iuter
505 3055 598 3119 3816.
614 3064 644 3113 et
657 3054 752 3120 4476.
775 3053 866 3114 medii
880 3063 951 3114 aunt
967 3055 1038 3122 669.
1053 3055 1161 3134 dequo
1178 3075 1309 3115 numero
1321 3073 1387 3113 rur·

298 3153 348 3193 aua
368 3134 454 3194 alibi:
475 3155 532 3195 nec
551 3139 628 3197 enim
644 3139 809 3198 Solomonia
828 3159 907 3199 auno
928 3149 1036 3218 quarlo
1054 3140 1203 3220 templum
1216 3140 1385 3200 inchoatum

297 3220 421 3300 proprio
435 3220 502 3280 loco
519 3223 639 3283 docebit
658 3223 785 3301 dulh0r3
815 3235 845 3284 et
858 3225 1000 3284 scriberet
1020 3225 1108 3301 licet,
1130 3225 1169 3284 ab
1186 3225 1273 3284 exitu
1290 3235 1384 3283 enen

298 3325 337 3363 ex
360 3303 496 3384 Aegypto
517 3307 556 3366 ad
579 3307 609 3374 4.
631 3309 798 3369 Solomonia
819 3311 852 3368 in
872 3309 977 3368 mnndi
998 3307 1092 3375 4473.
1109 3309 1294 3370 incidentem
1315 3307 1383 3366 anni

297 3391 370 3454 6⁵7.
386 3389 533 3450 duntaxat
545 3391 791 3473 interponuntur.
813 3393 913 3468 Quare
928 3393 1028 3454 verim
1044 3403 1207 3474 poneretur
1217 3391 1286 3475 χνξ.
1300 3413 1384 3474 quam

297 3467 376 3554 xuS'.
399 3473 507 3534 Verum
521 3475 554 3534 in
572 3497 719 3538 aarnorum
743 3480 870 3540 duorum
884 3477 1033 3538 deiectum
1047 3499 1085 3538 ex
1098 3479 1217 3540 omieela
1232 3481 1294 3540 lair
1304 3479 1383 3538 aonia

298 3557 415 3618 duobus
437 3557 531 3640 (quod
551 3561 585 3619 in
604 3581 671 3641 pag.
693 3565 764 3631 164.
787 3561 987 3643 observamus)
1015 3571 1046 3624 et
1061 3571 1113 3632 22
1132 3565 1216 3644 viee,
1246 3565 1317 3627 aelia
1335 3567 1381 3630 uu

204 3641 212 3650 '
297 3645 475 3719 numeratio,
497 3645 642 3724 Georgius
654 3647 772 3712 incidit.

382 3726 468 3793 Κατὰ
480 3727 514 3792 dl
528 3723 678 3813 Edolllaw
692 3728 739 3814 22]
760 3733 889 3814 Scaliger
904 3732 990 3814 quati
1004 3733 1122 3794 Eueebii
1135 3735 1218 3814 elylo
1226 3780 1237 3810 ,
1261 3728 1323 3797 deod
1331 3735 1381 3810 τῆς

170 3869 185 3900 ‚
297 3807 404 3890 ἐξόδου
418 3815 539 3893 acribit,
560 3813 746 3897 delenirem?
761 3824 841 3882 ναοῦ
856 3815 1042 3900 κατασκευήν
1059 3818 1108 3898 ἔτη
1120 3815 1202 3883 uod‘.
1223 3821 1298 3893 Quia
1309 3817 1381 3876 fide-

295 3899 354 3959 lior
373 3901 491 3960 Euaebii
507 3901 689 3981 acriptorum
703 3903 796 3964 iudex
811 3913 863 3964 aut
878 3905 979 3980 tertia,
1001 3903 1159 3985 Syncellue
1178 3925 1219 3964 aaa
1232 3899 1379 3981 Scaliger?

199 3977 231 4034 V·
247 3979 282 4041 45
298 3981 356 4043 Hic
368 3983 449 4046 inter
461 3987 599 4046 Exodum
615 3997 644 4048 et
661 3985 767 4070 templi
782 3989 935 4050 conditum
949 3989 1108 4049 Eusebium
1129 3989 1204 4056 479.
1222 4010 1316 4049 annea
1334 3987 1378 4046 in·

293 4071 490 4146 terpoauiaae,
518 4072 569 4132 ille
587 4077 658 4138 600.
685 4093 855 4134 numerasse
876 4074 1043 4153 praedicat:
1074 4075 1142 4153 quie
1166 4075 1232 4134 eiue
1260 4081 1375 4134 mentem

291 4151 409 4214 fideliua
432 4155 619 4216 observaret
640 4158 827 4238 aerequiturl
861 4159 1018 4238 Syncellue
1039 4157 1158 4218 Euaebli
1185 4161 1299 4238 acriptu
1320 4159 1375 4216 ire-

293 4238 432 4308 quentiue
446 4249 595 4316 tractam,
617 4262 657 4300 an
676 4243 826 4322 Scaliger,
846 4245 899 4323 qul
917 4243 977 4304 uiai
997 4243 1147 4324 imponat,
1171 4243 1325 4304 Eusebium
1339 4257 1371 4296 ιῐ

293 4313 424 4392 Syncelll
435 4321 496 4383 lide
508 4333 538 4384 et
552 4325 721 4389 teatimouie
732 4347 795 4390 nou
807 4338 906 4410 potent
919 4328 1080 4411 reparare?
1099 4329 1186 4390 Dicet
1196 4321 1372 4404 obviuaqtl·
