2888 4714
383 368 448 439 ET·
463 366 817 450 musanellus,
912 441 915 448 ,
1070 360 1147 438 440

140 527 205 607 lhg.
229 531 300 596 121.
321 526 536 610 Σερβωνίτιδος
553 527 681 613 lipara]
709 527 886 615 Σιρβωνίδα
902 525 1031 612 Aegypti
1047 529 1148 594 lacum

67 622 197 674 nmmo
211 611 320 674 Strabo
332 613 385 672 lib.
402 619 429 679 1.

138 699 204 777 Pag-
229 702 301 765 130.
320 691 417 781 Ὶοθδρ
436 691 573 782 γαμβρὸς
593 695 754 780 Muciae]
786 699 897 762 Uxoris
914 702 1148 781 consanguineus

66 782 149 863 quiris
167 803 256 843 socer
267 783 423 859 videlicet,
445 782 532 854 levir,
555 801 646 860 gener
661 791 717 841 etc.
737 781 872 868 γαμβρός
885 787 1043 848 neotericis
1059 789 1148 850 Gne.

64 869 118 941 cis,
136 867 248 948 dequo
261 867 396 948 exempla
410 875 475 926 toto
490 865 562 926 Iuro
577 867 768 926 Graecorum.

135 953 202 1032 Peg.
229 953 300 1020 147.
327 956 388 1015 Τοῦ
407 948 440 1013 dl
462 946 576 1032 adapes
593 943 637 1030 ἦν
656 949 719 1024 deoc
737 947 857 1036 petii]
876 949 1042 1016 Autesioris
1059 957 1148 1019 later-

66 1037 118 1097 culi
141 1047 321 1118 computua,
350 1045 380 1099 et
406 1035 568 1096 Chabronia
595 1033 684 1096 huius
712 1035 855 1096 tredecim
886 1037 957 1096 anni
982 1039 1015 1098 in
1044 1041 1151 1102 mundi

65 1122 142 1187 8⁷74.
164 1123 358 1202 -tlefincntes,
392 1119 455 1183 aius
477 1121 563 1202 regni
588 1120 774 1205 principium
799 1121 905 1182 mundi
925 1125 1019 1190 3762.
1040 1137 1151 1205 capent

66 1215 286 1374 Μωᾶῖβαίων
304 1283 357 1364 λς’.
378 1287 592 1374 ἐβασίλευσεν]
621 1290 824 1352 Thebaeorum
844 1312 949 1371 regum
972 1291 1079 1353 ordine
1097 1295 1149 1359 36.

66 1373 133 1436 deest
152 1377 186 1436 in
202 1379 269 1438 MS.
292 1376 471 1436 laterculum
487 1376 566 1436 enim
588 1377 766 1457 praecedens
786 1398 816 1457 p.
832 1379 902 1445 124.
919 1378 951 1437 in
964 1379 1017 1445 36.
1038 1377 1148 1441 delicit.

65 1459 218 1522 inuentis
228 1460 378 1540 Anonymi
389 1461 467 1521 inter
478 1462 791 1541 lacunsareparandae
798 1463 997 1524 coniecturum
1012 1471 1041 1522 et
1049 1461 1150 1523 mendi

65 1547 201 1688 supponatis
220 1545 358 1690 tenebrpls
376 1567 486 1606 vaenor
499 1545 639 1691 annosuip
648 1545 735 1689 tlutatio
748 1547 1150 1692 modum.⁰hdmuttlaantaeuo,

58 1649 266 1776 euitat.
279 1651 373 1783 ihi.
389 1651 647 1794 :saltitat
666 1633 1151 1796 i..i·⁶.i¹¹.¹}m.i}¹..i⁸i..ll¹lili

65 1801 149 1866 3974.
170 1801 332 1882 completo.
376 1801 441 1860 Tali
463 1801 532 1860 data
559 1799 687 1882 epochas
714 1801 800 1860 Nilus
823 1821 1011 1880 praecessor,
1043 1801 1151 1881 quiet

62 1883 210 1966 Phruron,
240 1885 372 1968 quinque
392 1885 479 1946 annis
507 1897 624 1966 sceptra
646 1885 833 1960 moderatus,
860 1886 900 1946 ad
919 1905 955 1948 eu
974 1887 1150 1967 capessenda
1280 1894 1285 1902 ’

65 1980 181 2030 vocatus
202 1981 247 2030 ost
264 1991 341 2030 anno
367 1972 462 2038 3908.
492 1967 563 2050 (quo
587 1969 704 2030 calculo
725 1963 843 2054 ,pontifi
864 1971 1006 2032 mendum
1025 1973 1058 2031 in
1080 1991 1152 2031 cor-

62 2064 176 2134 rectum
191 2063 302 2116 textum
318 2063 350 2115 et
366 2074 522 2116 numerum
532 2048 633 2139 ,Wl-
649 2053 860 2138 commutatur)
876 2055 985 2117 horum
998 2057 1151 2136 posterio-

64 2156 131 2195 rum
144 2139 288 2199 mentione
300 2141 438 2218 seposita,
461 2137 585 2220 Siphoas
609 2140 663 2221 qui
679 2139 783 2200 ordine
799 2142 850 2206 85.
866 2139 1150 2222 pugio.124.d.ab

65 2220 133 2280 orbe
155 2223 273 2284 condito
295 2229 388 2294 3889.
409 2245 536 2304 regnum
557 2225 697 2306 adeptus,
727 2225 859 2306 quinquo
880 2225 966 2286 annia
991 2227 1089 2286 tenuit
1110 2226 1151 2288 sd

66 2306 149 2373 8894.
171 2329 231 2388 quo
252 2309 445 2390 Euonymus,
468 2310 586 2390 dequo
609 2329 722 2386 ammo,
751 2310 854 2370 debuit
873 2314 983 2389 regiam
1002 2329 1151 2393 occupare

67 2391 174 2469 udam,
193 2395 226 2454 in
239 2415 298 2475 qua
316 2415 384 2455 cum
398 2396 437 2454 ad
449 2394 514 2454 Nili
528 2393 657 2474 primum
671 2413 782 2456 annum
796 2403 826 2454 et
837 2397 942 2454 mundi
958 2400 1050 2464 3908.
1061 2405 1152 2478 pote·

68 2483 161 2570 statem
187 2481 373 2560 exercuerit,
399 2477 581 2560 relinquitur
601 2477 674 2541 totis
692 2477 798 2538 mediis
819 2480 1046 2559 quatuordecim
1066 2481 1152 2543 annis

69 2577 103 2618 uu
124 2581 225 2631 nasse.

103 2581 379 2730 P’l‘lpucocllbapp]
406 2646 626 2727 Philosophus,
653 2644 838 2722 Historiam,
865 2645 972 2724 Poeta,
994 2649 1153 2708 Gramma-

69 2725 152 2790 ticus:
172 2736 210 2796 ds
225 2755 286 2815 quo
299 2733 418 2795 Author
434 2753 501 2815 pag.
515 2737 588 2800 289.
603 2733 637 2797 Β.
649 2730 795 2791 Eusebius
807 2729 844 2789 ad
855 2729 1063 2812 Olympiadem
1082 2737 1153 2799 141.

72 2831 119 2888 qus
126 2817 259 2880 floruisse
266 2819 388 2880 scribit:
405 2819 511 2879 Suidaa
526 2823 597 2884 126.
620 2817 735 2896 Cyrene
748 2815 795 2874 illi
806 2817 919 2894 patria:
936 2826 1021 2896 peter
1032 2817 1154 2897 hglsus,

71 2899 112 2957 tel
130 2912 162 2962 ut
177 2907 229 2966 alii
251 2904 443 2966 Ambrosius:
473 2902 623 2963 Aristonis
644 2901 776 2960 chiensis
796 2898 990 2981 Philosophi,
1011 2903 1155 2983 Lysaniae
1217 2901 1220 2909 ⁴

75 2979 237 3060 Cyrenensis
257 2989 467 3066 Grammatici,
497 2986 671 3047 Callimachi
693 2987 800 3047 Poetae
821 2985 1003 3068 discipulus:
1032 2989 1155 3049 Aristo-

73 3066 165 3144 phanis
179 3077 335 3156 Byzantii,
356 3075 491 3136 Mnaseas
508 3083 538 3134 et
556 3071 711 3134 Menandri
726 3081 910 3152 praeceptor.
943 3073 1069 3133 Atertio
1085 3075 1154 3134 Pto·

74 3149 170 3218 lenaeo
183 3162 237 3240 qui
248 3163 408 3239 Euergetes
421 3159 454 3218 in
467 3160 635 3238 Aegyptum
644 3157 768 3216 Athenis
781 3165 949 3232 revocatus,
963 3157 1019 3216 sub
1036 3159 1152 3239 quinto,

75 3238 116 3314 qui
127 3241 308 3324 Epiphanes,
330 3245 421 3305 obiit:
442 3243 590 3304 secundus
605 3251 657 3302 aut
671 3241 772 3301 Iunior
786 3241 869 3300 l'lato
882 3242 1066 3322 quibusdam,
1088 3245 1154 3304 eliis

53 3347 55 3354 ·
76 3321 253 3408 Πένταθλος,
274 3331 405 3410 quinque
429 3328 626 3389 certaminum
647 3328 748 3388 uictor
774 3325 882 3386 dictus.
921 3327 1027 3388 Suidas
1047 3329 1153 3410 plura:

76 3421 121 3466 uec
133 3431 192 3474 non
208 3435 248 3476 cx
260 3417 350 3476 Suida
363 3423 394 3475 ot
404 3415 470 3474 aliis
487 3413 606 3476 Vossius
622 3412 659 3472 ds
673 3411 831 3472 Histoi-icis
845 3413 975 3474 Graecia.

145 3499 211 3580 Peg.
234 3502 305 3567 148.
326 3499 360 3564 ‘0
374 3499 422 3566 inl
436 3492 585 3582 Ὠγύγου]
609 3498 743 3578 Ogygum
754 3516 822 3557 cuna
839 3498 946 3559 Viveto
962 3497 994 3558 in
1007 3498 1152 3575 Solinum,
1242 3508 1251 3528 '

76 3573 130 3638 aliis
151 3585 272 3665 Ogygen
292 3583 572 3668 pronuntiantibus,
594 3583 704 3662 ubique
724 3583 851 3645 reddidi.
885 3581 1019 3667 Ὤγυγον
1042 3583 1154 3643 Graeco

76 3665 195 3730 scabunt
217 3671 362 3752 losephus
392 3671 423 3730 in
448 3671 610 3750 ulpianam,
639 3668 782 3729 Eusebius
804 3667 842 3729 dc
868 3671 1005 3748 Praepar.
1031 3687 1096 3746 cap.
1125 3669 1152 3732 1.

77 3741 199 3816 Tutianns
222 3757 306 3816 Orat.
329 3757 430 3820 adam.
455 3755 542 3816 Gent.
563 3755 696 3815 Clemens
712 3761 740 3822 1.
758 3757 866 3815 Strom.
882 3763 912 3814 et
925 3753 985 3815 alii.
1007 3750 1154 3830 Ogygiam

77 3830 149 3894 etism
163 3839 306 3902 Eusebius
323 3841 446 3901 Latinus
461 3840 500 3898 ad
515 3859 627 3899 annum
641 3841 776 3902 Abrahae
788 3843 859 3906 220.

150 3929 215 3987 Tuis
233 3923 287 4007 plo
299 3925 347 3989 tat
363 3923 551 4007 Φορωνέως]
573 3925 731 3988 Eusebium
750 3933 896 3985 sectantes
915 3917 1064 3996 intelligit.
1105 3915 1155 3978 Ex

79 3999 170 4074 ‘lullus
184 4011 341 4071 Eusebium
361 4011 520 4094 impugnat
538 4011 699 4092 Georgius,
719 4008 880 4073 Eusebium
894 4005 1049 4086 componit
1062 4002 1155 4064 Scali-

79 4097 119 4157 801'
128 4109 188 4172 pag.
201 4095 253 4162 24.
267 4107 297 4167 et
308 4096 359 4164 26.

140 4172 192 4255 ’Ὀς
205 4185 261 4244 rosi
273 4177 395 4264 πρώτου
408 4183 619 4262 κατακλυσμοῦ
630 4177 752 4262 γέγονεν
765 4165 945 4255 ἐπώνυμος]
965 4173 1007 4232 Ut
1021 4170 1061 4232 ab
1074 4171 1157 4233 auti-

79 4269 128 4328 quo
146 4266 221 4326 malo
237 4285 343 4326 nomen
367 4266 502 4346 accepit,
523 4265 566 4324 ita
586 4265 693 4346 primis
709 4271 740 4324 et
754 4260 882 4322 vetustis
897 4259 983 4320 malis
997 4257 1082 4319 dedit
1096 4279 1158 4320 no·

79 4351 137 4403 ¹¹²⁸ss
150 4352 313 4430 paroemia,
332 4343 559 4437 Ὠγύγιακακά.
602 4348 697 4410 Verba
711 4345 983 4430 porroaequeutia,
1004 4353 1163 4430 expuncto.
