2888 4714
393 306 453 373 ET
474 305 825 378 ANNOTATIONES.
1079 301 1153 376 495

145 459 241 528 Karai
266 460 352 528 di
320 487 375 530 roas
395 459 531 549 παρόντα
550 425 815 546 lausanensis]
849 464 877 528 A
899 466 1088 532 Nabonssoro
1115 469 1154 529 sd

64 548 225 628 Astyagem
245 569 336 610 annos
358 552 428 616 176.
454 561 592 610 numeret
610 551 834 612 Διιιοιιοιιιίιιιι
853 554 972 614 Canon:
996 551 1155 616 abeodem

62 654 165 696 rursus
177 633 371 696 Nehonaaaro
387 655 441 714 per
456 635 619 694 Chaldaeos
631 655 713 714 reges
729 637 858 696 deducto
877 637 1054 700 numerandi
1069 637 1153 699 ordi-

61 741 97 778 ιιι
111 731 234 780 centum
255 730 284 780 et
304 721 380 783 duos
394 739 485 800 supra
506 719 667 800 nonaginta
686 721 835 798 putandos
850 721 1032 784 demonstrat
1046 723 1154 784 Eccle-

60 805 199 864 siasticus
225 805 327 866 Canon
351 825 417 884 pag.
439 808 512 871 208.
533 803 592 863 hoc
614 813 711 883 pacto.
745 803 926 866 Nabonasari
940 812 990 874 26.
1018 810 1103 869 Nahii
1123 816 1155 876 8.,

60 888 202 949 Chinaeri
226 900 255 950 et
270 889 338 950 Pori
360 889 390 956 6.
406 888 510 950 llulaei
532 889 560 954 6.
581 889 818 968 Mardocempadi
836 895 886 956 12.
906 889 1033 952 Arasmi
1046 895 1074 960 5,
1096 895 1150 954 ln.
1169 903 1249 962 1³,ae

59 975 192 1052 terragni
205 981 236 1039 2.
252 973 362 1034 belithi
381 977 411 1038 8.
433 973 629 1053 Aporanadisi
649 979 679 1040 6.
703 973 840 1051 lregibali
861 979 889 1040 1.
906 973 1153 1044 Measisimordaci

59 1059 89 1124 4.
109 1061 279 1136 interregni
293 1058 422 1119 alterius.
444 1061 474 1124 8.
495 1057 661 1118 lastindeni
676 1062 727 1124 18.
749 1056 924 1120 Saosduchii
940 1064 969 1125 9.
993 1060 1153 1122 Cinelada..

58 1144 92 1202 ni
106 1145 157 1210 14.
181 1143 392 1224 Nabopalasaii
413 1148 464 1210 21.
486 1143 762 1204 Nabuchodonosor
781 1144 832 1209 48.
860 1143 968 1204 Evilsd
994 1144 1154 1208 Merodach

59 1229 87 1293 5.
110 1229 252 1288 Baltasar
268 1232 300 1294 8.
322 1228 460 1307 Astyagis
481 1233 510 1294 1.
537 1230 657 1288 Summa
680 1234 750 1296 192
793 1229 900 1290 Verum
922 1227 959 1290 de
980 1228 1154 1292 huiuamodi

58 1313 242 1373 numerandi
255 1312 303 1372 vis
316 1333 378 1372 non
390 1323 435 1372 ιιι
448 1311 577 1372 Authori
593 1313 804 1374 consideratio:
827 1313 880 1376 sed
899 1313 936 1374 de
956 1335 1006 1392 aa,
1028 1335 1103 1395 quae
1118 1325 1154 1375 ut
1276 1375 1282 1383 ,

57 1399 195 1476 aprime
212 1397 308 1458 limite
321 1397 358 1456 ab
378 1419 446 1458 aera
460 1397 643 1456 Nabonasasi
664 1419 742 1458 anno
755 1399 849 1464 4747.
864 1419 918 1478 per
932 1401 1086 1462 Medorum
1102 1421 1154 1462 ιι-

56 1502 103 1558 ges
120 1482 267 1562 procedit
280 1481 318 1540 ad
330 1482 488 1560 Astyagem
503 1501 581 1541 enno
595 1482 688 1548 4921.
702 1483 741 1542 ad
756 1484 866 1560 regiam
877 1485 1048 1561 dignitatem
1060 1507 1155 1548 vocs·

56 1575 120 1626 tum
129 1612 139 1643 ‚
165 1576 196 1626 et
217 1587 233 1624 s
248 1567 381 1646 praelato
396 1566 577 1626 Nshonssari
591 1565 715 1626 exordio
729 1565 791 1626 sive
811 1587 889 1626 anno
902 1569 995 1634 4747.
1017 1571 1056 1630 ed
1071 1571 1154 1632 hunc

56 1670 158 1730 usque
177 1651 338 1712 terminum
359 1651 452 1718 4921.
473 1651 586 1732 reperit
601 1650 718 1712 Author
736 1651 808 1718 175.
827 1671 905 1710 auno
922 1651 1037 1714 scilicet
1055 1657 1155 1718 minua

57 1756 154 1815 quana
171 1735 205 1794 in
218 1736 426 1796 Astronomico
444 1737 572 1796 Conone.
613 1735 737 1815 Hocque
752 1746 797 1796 eat
811 1736 892 1816 apud
914 1735 1073 1816 Georgium
1089 1739 1154 1798 tta-

55 1819 259 1880 thematicum
271 1822 419 1880 Canonem
434 1821 643 1882 Astronomico
661 1821 816 1902 componit
837 1841 940 1882 verum
951 1822 1155 1884 Ecclesiastici

56 1904 191 1964 Cononis
211 1905 282 1986 (qui
301 1905 464 1966 Chaldaeos
483 1915 632 1966 eteorum
648 1925 730 1984 reges
749 1905 894 1990 respicit)
915 1907 1036 1967 nomine
1051 1909 1154 1968 abuti·

56 1998 243 2134 3³13?
258 2010 321 2052 uon
336 2011 434 2070 anno,
455 1993 507 2052 aed
522 1997 570 2058 17.
584 1993 685 2052 minus
699 1991 934 2052 consentientem
943 1991 1155 2054 Astronomico

82 2092 118 2132 ec
180 2094 211 2134 ιι

149 2175 214 2254 Peg.
234 2180 306 2245 282.
325 2175 361 2240 Ὅ
374 2170 467 2252 eisaie
480 2175 533 2240 stoi
546 2171 754 2260 Ἅρταξιρξης]
775 2175 919 2238 Affinium
934 2177 1106 2239 nominibus
1121 2177 1155 2238 iss

58 2279 92 2319 aa
112 2261 265 2320 menslstia
285 2271 350 2322 tam
370 2262 453 2322 varis
480 2271 605 2322 vocatus
634 2264 783 2360 Astyages.
833 2263 1003 2324 Tomisllus
1028 2263 1066 2322 sd
1086 2283 1156 2325 anns

59 2345 155 2412 8456.
190 2345 266 2405 Eum
290 2345 398 2426 Esther
416 2367 543 2406 uxorem
563 2345 685 2406 duxissa
705 2346 759 2404 vix
779 2345 926 2408 Mercator
947 2358 976 2408 et
996 2349 1048 2408 alii
1065 2349 1156 2428 pauci

61 2449 126 2488 cum
139 2429 277 2493 Authore
291 2407 427 2492 (redunt.
471 2431 651 2491 Chronicon.
666 2431 749 2493 Alex.
771 2428 849 2503 τινές
864 2447 940 2508 φασι
955 2428 1007 2494 τὸν
1024 2437 1156 2512 Δαρεῖον

60 2515 110 2576 sal
128 2507 294 2599 Ἀστυάγην
313 2516 538 2598 ἐπικεκλῆσθαι.
587 2517 664 2576 Sunt
682 2518 736 2596 qui
757 2525 895 2574 censeant
917 2515 1002 2574 hunc
1017 2519 1157 2576 Darium

59 2599 228 2680 Astyagem
241 2611 393 2662 vocatum.

141 2712 217 2782 'alno
242 2713 464 2800 Ναβονιισᾶροιι
484 2717 534 2799 ἔτη
557 2717 692 2801 γίνονται
713 2735 778 2801 osy
760 2709 791 2796 ]
820 2713 865 2776 Ab
884 2736 952 2776 aera
971 2715 1155 2776 Nabonaaari

62 2802 96 2862 ad
109 2802 253 2884 Astyagis
264 2805 348 2882 regni
364 2805 476 2864 exitum
496 2805 597 2863 Cenon
613 2803 838 2863 Astronomicus
856 2821 949 2860 annos
964 2807 1035 2868 209.
1049 2821 1156 2860 nume-

61 2899 118 2966 rat,
144 2887 374 2949 Ecclesiasticus
380 2909 510 2970 ,pareas
533 2888 702 2970 discrepent
716 2887 787 2947 licet
802 2885 882 2946 inter
897 2907 942 2963 se,
965 2886 1047 2966 quod
1062 2907 1155 2968 supe-

60 2971 191 3034 rioribus
213 2974 331 3052 regibus
354 2973 450 3056 spatio
469 2973 606 3034 breviora
628 2993 787 3050 concesso,
808 2971 911 3030 Canon
930 2931 1155 3032 hstronomicus

61 3057 184 3139 Astyagi
204 3059 316 3120 solidos
337 3060 389 3126 84.
413 3079 524 3134 annos,
545 3057 768 3119 Ecclesiasticus
788 3056 941 3136 prioribus
956 3057 1065 3116 eisdem
1084 3053 1155 3116 dato

61 3141 198 3204 uberiore
213 3152 362 3225 tempore,
383 3144 519 3225 Astyagis
535 3143 742 3223 septemdecim
762 3161 779 3199 a
798 3141 915 3200 devicta
929 3141 1079 3222 Babylone
1092 3161 1155 3240 po·

62 3227 175 3288 nendos
192 3231 320 3290 sanciat.
341 3229 419 3293 idem
432 3239 533 3287 tamen
540 3227 764 3288 Ecclesiasticus
780 3225 882 3286 Cenon
900 3225 1020 3305 Astyagi
1031 3227 1154 3306 triginta

63 3322 88 3371 et
100 3321 173 3372 octo
192 3313 382 3374 ascribendos
397 3313 560 3390 existimat,
581 3311 635 3372 ubi
648 3313 743 3373 Medis
760 3331 821 3372 uno
836 3331 925 3392 supra
940 3311 1048 3390 viginti
1056 3358 1066 3389 ,
1087 3321 1155 3373 tum

62 3395 156 3458 hiedis
171 3397 259 3458 simul
272 3420 307 3460 ac
320 3399 492 3479 babyloniis
506 3399 715 3481 septemdecim
727 3397 922 3495 imperantem
937 3395 1138 3462 inducitaun

64 3481 96 3544 de
111 3484 164 3560 fit,
186 3493 220 3544 ut
234 3483 307 3543 licet
328 3483 537 3543 Astronomico
560 3485 678 3543 Conone
696 3501 785 3558 usus,
809 3501 876 3541 cum
897 3481 982 3542 iuxta
997 3482 1155 3544 Ecclesia-

65 3569 170 3628 sticum
187 3578 268 3629 totos
281 3569 314 3629 in
329 3569 456 3628 Mediam
474 3578 503 3628 et
520 3567 709 3650 babyloniam
729 3566 886 3648 Astyugaei
906 3567 990 3657 regni
1009 3567 1159 3646 quispiam

64 3663 198 3713 numerat
218 3673 329 3732 annos,
353 3653 386 3712 id
401 3663 444 3714 ιιι
457 3663 524 3714 octo
539 3674 628 3734 supra
643 3653 781 3733 triginta,
803 3649 944 3712 ultimus
945 3671 1047 3711 eorum
1061 3671 1078 3707 a
1090 3649 1157 3707 Na·

64 3735 295 3815 bonaaariaera,
318 3741 390 3805 213
409 3759 465 3798 ceu
480 3747 587 3798 metam
602 3739 738 3818 attingit,
761 3758 834 3817 quse
852 3735 993 3817 inpriors
985 3734 1157 3794 Astrono-

64 3823 140 3882 mico
161 3823 199 3884 ad
221 3829 293 3892 209.
313 3823 375 3884 fixa
397 3823 564 3888 videbatur.
613 3824 695 3884 llaec
715 3821 860 3882 Author
850 3843 883 3880 ιιι
903 3819 1050 3900 margine,
1071 3817 1156 3878 cuius

65 3907 279 3969 emendationes
296 3907 422 3990 virgulis
438 3909 569 3969 inclusas
586 3930 624 3969 ex
640 3907 809 3992 praemissis
825 3911 937 3985 patent.

144 4027 213 4105 Peg·
234 4031 307 4095 288.
332 4021 512 4092 Possessio
512 4019 704 4110 μιυῆνέιος
717 4017 846 4112 ispali]
868 4021 1158 4096 Quiselixlsustut·

65 4129 118 4188 qus
139 4111 356 4190 Chronologico
377 4113 497 4191 Georgii
519 4115 652 4193 Syncelli
674 4111 773 4172 textui
793 4110 907 4168 eluceat
919 4107 1011 4186 hegio
1023 4107 1158 4208 signatus

65 4197 177 4276 colom,
207 4217 267 4276 quo
291 4207 481 4258 occurrentes
498 4197 653 4277 hucusque
674 4195 877 4256 librariorum
897 4201 927 4253 et
947 4197 1045 4272 operis
1065 4189 1158 4271 ipsius

66 4297 175 4346 encres
189 4281 383 4346 emendentur
399 4282 451 4348 rel
465 4293 676 4356 amoveantur,
698 4290 730 4342 et
744 4289 916 4361 temporum
934 4277 1013 4340 ratio
1032 4275 1156 4360 placido
