2888 4714
382 343 444 419 ar
463 343 816 420 amoranonas.
1068 341 1141 417 aaa
1244 283 1246 290 ’

58 509 111 570 19.
122 501 352 582 ileregaaolarue
366 501 541 582 appellatur.
568 503 672 564 Darioa
686 507 825 584 datyagea
838 504 1023 582 exalbilaaaa,
1033 515 1064 566 et
1077 529 1145 588 gpoa

57 581 262 670 catapoto'yov
273 587 386 646 inanlaa
398 588 542 666 relegaaaa
554 607 585 646 ae
597 587 688 646 iactat
708 591 836 670 Scaliger
847 591 981 650 Animad.
998 611 1063 672 pag.
1074 595 1146 659 261.

55 673 170 750 Egiaaet
186 691 256 732 eane
269 673 357 731 etiam
372 675 466 752 λῆρον
483 676 600 752 ληρῶν,
625 671 682 730 niai
699 692 787 750 quem
800 675 869 734 aede
884 680 934 741 20.
954 678 1074 756 reponit
1089 675 1147 736 Na.

54 757 186 817 bonitius
199 755 277 815 idem
292 765 379 832 ciaet,
401 775 487 834 quem
504 755 648 833 Georgius
662 755 818 836 Astyagem
831 769 931 834 vocat,
953 761 989 819 de
1004 781 1063 840 qno
1078 762 1146 822 loco

52 841 154 924 priori
173 841 264 899 citato
280 840 410 918 Scaliger
426 841 504 919 ipaee
525 839 584 898 Hic
602 838 696 899 Media
712 842 872 918 oriundae,
894 843 975 902 unde
988 846 1148 922 cognomi·-

52 934 145 985 natne
163 926 268 986 Dariua
289 924 406 998 Medea,
438 933 545 984 axutm
566 932 609 983 eat
627 923 752 1004 imperia
774 947 791 984 a
811 927 899 1004 Cyro.
942 926 1031 1000 Quod
1053 929 1147 996 Media

54 1011 178 1090 quidem
200 1020 316 1084 ortum,
337 1017 368 1066 at
389 1007 481 1067 Media
499 1027 561 1067 non
582 1009 743 1088 imperasse
764 1009 926 1088 intelligat,
955 1030 993 1069 ex
1011 1015 1147 1092 ruperint

54 1097 93 1158 de
108 1095 310 1178 boemiorum,
331 1091 492 1167 Medorum,
514 1101 544 1152 et
558 1091 770 1154 Chaldaeorum
787 1094 1005 1175 principatibus
1018 1116 1035 1152 a
1050 1097 1146 1158 Geor·-

53 1181 107 1258 gio
119 1179 242 1257 scriptia
256 1177 324 1236 salai
339 1178 537 1237 convincitur.
569 1178 613 1237 ad
626 1178 804 1240 laterculum
818 1179 922 1256 redeo,
943 1179 1025 1258 quod
1043 1199 1081 1238 ex
1093 1181 1149 1240 Pe·

52 1264 136 1324 tavio
152 1263 327 1324 mendosum
349 1262 477 1340 protulit
492 1263 710 1344 typographus,
730 1264 847 1324 Belitho
868 1263 983 1323 duobus
997 1263 1149 1324 duntaxat

53 1349 158 1424 annia,
180 1347 302 1426 Aatyagi
327 1345 442 1404 dnobus
467 1355 495 1405 et
511 1347 633 1424 triginta
652 1351 813 1421 conceaaia,
839 1350 946 1428 quibua
966 1349 1069 1432 plurea
1085 1349 1148 1412 MS.

53 1434 199 1511 aaaignat,
220 1430 315 1510 priori
328 1431 469 1490 videlicet
483 1440 553 1506 trea,
575 1432 660 1490 alteri
676 1443 805 1512 quatuor
818 1453 907 1512 aupra
922 1434 1053 1512 triginta,
1074 1434 1147 1494 red-

54 1518 172 1578 dendae
186 1515 327 1575 nimirum
343 1535 490 1574 annorum
505 1516 576 1582 424.
598 1537 729 1575 summae
750 1517 939 1578 aufficientea.
979 1519 1149 1598 Utrumque

53 1623 147 1684 porro
158 1602 307 1660 Cononem
318 1599 558 1660 Autronomicdm
573 1610 602 1660 et
613 1601 852 1661 Eccleaiaaticum
862 1602 1049 1660 commendat
1062 1605 1148 1662 utili-

54 1697 118 1765 taa,
140 1705 216 1766 quae
228 1705 264 1744 ex
277 1685 320 1744 eia
335 1694 380 1744 eat
393 1685 537 1760 maxima,
560 1686 611 1766 qui
626 1685 696 1744 licet
708 1687 833 1745 collecta
843 1685 931 1744 totali
943 1705 1057 1744 aumrna
1071 1705 1147 1746 con-

55 1773 160 1832 tenire
178 1779 356 1829 noacantur:
378 1789 441 1828 non
462 1770 615 1830 observata
634 1769 827 1830 nibilominus
847 1771 879 1828 in
903 1769 1026 1848 aingulia
1043 1789 1146 1848 regum

56 1856 203 1916 aetatibus
227 1864 256 1914 et
279 1855 464 1934 temporibus
487 1855 666 1932 concordia,
695 1865 828 1914 mutuam
854 1853 911 1914 aibi
934 1855 985 1913 vel
1013 1855 1148 1925 veritatis

55 1933 313 2000 confirmationem
328 1939 379 1998 vel
395 1957 529 1999 errorum
541 1939 773 2000 emendationem
790 1941 925 1999 conferre
940 1949 1073 2020 poaaunt.

147 2025 213 2100 Peg·
234 2027 303 2090 208.
326 2022 554 2102 Σαοσδουχίου.]
578 2023 638 2096 Qui
658 2023 802 2090 deeat14.
817 2023 849 2084 iu
866 2023 1076 2084 Antronamico
1092 2025 1150 2083 Ca·

55 2125 144 2169 none
161 2127 196 2164 ex
218 2109 348 2186 sequenti
365 2108 570 2166 Ecclesiaatico
584 2107 742 2168 aulficitur.

147 2185 232 2252 Koad
249 2189 305 2271 τὴν
324 2187 587 2272 Ἐκκλησιαστικήν
606 2191 814 2272 στοιχείωσιν]
834 2191 1050 2252 Ecclesiasticia
1066 2191 1150 2252 Scri·

55 2274 198 2358 pton'bua
219 2286 247 2334 et
264 2297 324 2334 una
346 2277 472 2338 Eusebio
494 2283 648 2356 acceptum
670 2269 853 2338 laterculum'
869 2277 998 2355 Scaliger
1020 2277 1150 2337 omittitt

56 2369 138 2422 tacet
153 2359 308 2438 Petarina,
332 2371 361 2420 et
376 2381 414 2420 ex
427 2381 461 2420 eo
471 2361 557 2442 priua
572 2361 743 2440 interpolat.
764 2359 837 2420 Eiua
853 2361 922 2419 anni
938 2362 1057 2422 collecti
1071 2381 1150 2420 anm-

54 2465 138 2506 mam
158 2445 299 2504 reddunt.
342 2445 493 2524 Magorum
513 2445 625 2524 quippe
647 2445 773 2504 fratrum
795 2463 913 2503 menaea
933 2449 965 2509 7.
987 2463 1054 2523 pag.
1077 2447 1149 2510 241.

56 2533 97 2592 Δ.
119 2531 151 2588 in
170 2549 281 2590 annum
302 2529 473 2589 absolutum
490 2539 654 2609 putantur:
683 2529 825 2590 Artabani
847 2527 960 2608 paritor
983 2547 1097 2586 menaea
1118 2533 1149 2592 7.

54 2633 124 2696 pag.
155 2617 225 2681 251.
253 2624 283 2674 et
311 2614 421 2674 Xerxis
450 2613 573 2674 secundi
601 2614 660 2674 duo
691 2633 760 2672 cum
786 2609 928 2690 Sogdiani
953 2620 1065 2690 aeptena
1086 2607 1152 2668 aliia

55 2719 127 2780 pag.
149 2701 220 2765 255.
243 2717 336 2758 annoa
358 2697 435 2758 duca
452 2719 629 2779 componere
649 2705 784 2758 recenant
797 2693 929 2770 dutbor,
951 2695 1059 2773 quibua
1072 2713 1088 2753 e
1100 2712 1152 2754 re·

56 2805 129 2862 gum
151 2791 245 2842 aetate
268 2781 436 2863 aupertluua
451 2783 527 2842 alter
541 2784 671 2844 accedite
692 2781 745 2862 qui
757 2801 817 2842 una
833 2780 983 2840 coniuncti
998 2777 1153 2838 Ecclesia-

57 2871 168 2928 aticum
186 2869 335 2927 Cononem
357 2868 442 2926 annia
458 2878 585 2948 quatuor
601 2867 840 2928 Astronomicum
856 2865 980 2924 alterum
1002 2862 1152 2924 exceden-

55 2965 118 3012 tem
134 2953 273 3014 reddunt.
309 2953 392 3011 Circa
408 2951 489 3012 illiua
501 2961 600 3012 tamen
614 2953 727 3014 exitum
744 2951 846 3010 nullua
863 2959 987 3030 apparet
1002 2967 1150 3028 aceram,

56 3037 260 3099 redundantia
282 3037 378 3096 nulla:
409 3035 603 3116 quinimmoe
620 3037 735 3116 vulgari
749 3035 840 3096 creati
865 3034 945 3094 orbia
966 3053 1044 3092 anno
1059 3033 1150 3098 4747.

57 3122 207 3202 incipiena
216 3141 356 3201 perregea
366 3123 512 3180 medioaet
521 3131 739 3182 eorumaetatoa
754 3119 862 3180 aenaim
870 3118 1011 3178 deductus
1020 3117 1057 3177 ad
1065 3137 1151 3176 mun.

58 3207 91 3268 di
105 3211 198 3274 5170.
210 3215 277 3286 post
290 3223 382 3264 annos
395 3207 466 3272 424.
478 3205 789 3266 commodavideratur
802 3203 965 3286 pervenire,
981 3201 1152 3280 niaidatya·

59 3292 104 3370 gia
120 3291 208 3350 annia
220 3295 270 3356 17.
285 3291 571 3372 poatNirigleaarum
582 3289 718 3352 locandia
732 3309 876 3350 annorum
891 3287 920 3354 4.
933 3287 1061 3368 epatium
1078 3283 1151 3344 deli·

60 3385 142 3436 ceret
155 3386 273 3456 aperte:
296 3395 368 3454 quae
381 3376 457 3435 ratio
472 3385 526 3453 eat,
534 3385 570 3436 nt
578 3377 700 3457 proprio
714 3376 782 3435 loco
794 3374 941 3436 decurtati
954 3371 1152 3453 protuberan÷

58 3461 132 3520 tiam
142 3471 211 3540 poat
224 3459 346 3519 limitem
362 3467 544 3540 postremum
558 3471 588 3520 et
603 3479 713 3520 annum
727 3461 817 3527 5170.
832 3457 1033 3539 apparituram
1047 3465 1151 3517 retun-

61 3545 135 3604 dant
148 3553 178 3603 et
192 3545 357 3625 reprimant
369 3545 500 3608 omnino.
526 3545 677 3606 Praetereo
691 3553 725 3604 ut
736 3545 840 3604 relicto
854 3541 1063 3604 Mathematico
1080 3561 1150 3598 cor-

59 3629 540 3790 ltl't{tltissffi‘tttttt
548 3629 1153 3796 ..⁰tttttttltt'ltlttitt

59 3817 190 3878 rumque
205 3799 374 3880 principum
392 3799 522 3859 calculos
538 3803 684 3881 proferat:
713 3810 797 3859 taceo
814 3799 964 3857 aubmotoa
985 3791 1151 3850 Chaldaeo-

60 3905 130 3944 rum
142 3903 246 3963 regum
265 3905 357 3944 annea
378 3883 460 3962 quod
476 3905 529 3944 auo
549 3887 617 3946 loco
633 3883 920 3953 demonstrabimue,
941 3885 971 3936 et
986 3872 1151 3935 Nabucho-

60 3968 212 4045 donosor,
240 3969 324 4028 cuiue
347 3979 426 4028 aetaa
450 3963 620 4044 notissima,
656 3969 741 4028 annia
765 3975 893 4046 quatuor
914 3969 1037 4041 paterno
1057 3977 1151 4036 regno

59 4053 177 4112 tardius
192 4063 368 4138 exceptum,
388 4055 620 4134 ludaeorumque
633 4071 758 4132 regnum
776 4057 893 4131 praeter
905 4055 1079 4142 ¹temporum
1097 4063 1151 4140 ra-

59 4138 174 4197 tionem
195 4139 281 4198 annia
303 4139 390 4198 etiam
414 4149 572 4217 quamora
589 4139 715 4220 proprio
727 4133 870 4196 remotiua
886 4129 941 4192 aub
953 4145 1056 4204 rugum
1076 4135 1151 4186 naat-

58 4231 192 4296 tentem‚·
213 4243 273 4282 una
285 4231 330 4282 eat
342 4215 441 4282 hacid
450 4245 483 4283 rc
496 4223 621 4284 Librarii
633 4223 732 4303 pagin.
745 4221 816 4285 281.
829 4217 863 4275 in
875 4211 1013 4291 margine,
1029 4217 1154 4292 meaque'

59 4305 94 4366 in
110 4309 240 4368 eundem
259 4307 360 4368 locum
382 4307 607 4370 mrimadveraio.
648 4303 771 4368 interim
792 4320 868 4386 quae
886 4296 1097 4364 Ecclaaintito
1117 4295 1152 4356 in

129 4405 229 4476 dmg.
247 4406 385 4476 Sanctum
402 4403 438 4460 H.
737 4464 739 4471 ,
905 4406 946 4472 81
