2944 4716
437 379 871 451 rrennoreuonus.
1124 367 1200 446 68³

106 532 237 614 gasteis,
259 552 322 594 nou
340 533 464 597 Iulianis
481 536 618 618 loquitur
635 535 754 598 Autbor
774 537 936 618 Georgicis
962 535 1044 618 quot
1064 536 1202 619 siquit-

105 623 190 702 piem
204 619 288 678 aliud
301 619 393 698 magis
405 621 514 682 serium
529 630 559 680 et
571 623 714 681 momenti
729 623 848 683 maioris
864 643 952 702 egens
968 623 1019 684 vir
1031 623 1200 684 eruditissi-

103 724 174 764 mus
197 703 387 782 advertisset,
421 705 626 788 praesentibus
649 707 768 785 Georgii
788 705 888 772 uerbis
908 702 1120 794 οἷνιστορηοίορ
1136 728 1200 770 nou

104 789 295 870 respersisset
310 789 416 849 labem.

17 939 19 948 ,
192 874 259 952 Peg·
279 876 354 940 813.
375 868 466 937 Μεθ’
481 869 709 956 ἣνοῖρξαρίνην
724 869 780 936 ltu
795 867 840 955 e'.]
861 873 906 935 Ita
921 873 1069 937 distinctis
1090 878 1201 940 clrare·

105 957 238 1020 cleribus
254 977 316 1017 uua
334 977 402 1018 cum
418 959 509 1039 Regio
523 959 629 1018 scribit
642 959 845 1020 Barbmiuum.
887 959 1014 1020 Faveret
1028 963 1199 1024 coniectore

103 1063 147 1104 ex
168 1061 294 1103 numero
312 1037 411 1128 tenori.
431 1053 500 1126 post
522 1063 633 1104 sunum
648 1043 775 1122 sugunt
797 1049 845 1110 16.
863 1052 894 1104 et
910 1045 1013 1104 mundi
1032 1045 1124 1112 6466.
1143 1067 1199 1128 per

105 1128 181 1188 alios
197 1128 327 1208 quinque
339 1123 495 1189 ediunctos
508 1139 669 1208 exurgente
681 1129 790 1210 petita,
811 1129 871 1190 nisi
885 1129 973 1210 plura
984 1129 1073 1190 simul
1087 1131 1200 1212 scripte

103 1213 276 1276 obstarent:
298 1231 389 1292 quere
403 1213 461 1277 δτει
475 1208 508 1278 e'.
520 1213 553 1272 in
567 1213 624 1276 διει
639 1207 664 1285 ς’
666 1261 673 1277 .
689 1213 906 1280 ementiendum
921 1214 1052 1274 concedo
1059 1257 1069 1291 ,
1090 1223 1120 1273 et
1133 1233 1198 1274 sen.

103 1317 173 1358 aum
193 1317 257 1358 uon
271 1315 310 1356 ex
325 1319 406 1358 anno
418 1301 524 1382 quinto
537 1298 737 1381 impendente,
758 1300 810 1362 sed
828 1319 866 1363 ex
881 1311 961 1365 sesto
974 1298 1092 1362 ίοδαιιι
1109 1315 1199 1382 repe·

102 1383 233 1446 tendum
252 1401 369 1444 moneo.

195 1469 332 1547 Τεδῆναι
350 1463 407 1548 τὴν
430 1463 656 1550 νετραετηριεῆν
673 1464 812 1548 ἡμέραν]
849 1469 1100 1544 Qusdriennelem
1119 1467 1199 1530 diem

101 1553 272 1613 bissextum
290 1571 329 1612 ex
350 1552 501 1612 Panodori
516 1552 660 1612 sententie
678 1553 798 1634 imperii
813 1553 953 1632 Augiastei
968 1575 1045 1614 anne
1064 1561 1116 1622 22.
1140 1575 1200 1636 po·

102 1637 216 1712 eitum,
238 1643 269 1695 et
281 1635 406 1714 Augusti
418 1638 537 1698 decreto
552 1638 717 1715 canutum,
737 1641 884 1717 τεθῆναι,
906 1637 1051 1716 Georgius
1064 1639 1199 1698 animad-

101 1721 210 1784 vertit.
250 1720 299 1780 tn
314 1731 389 1780 tunc
403 1721 534 1804 primum
553 1732 589 1784 ut
608 1723 793 1802 reciperetur
807 1721 957 1800 indictus,
977 1732 1008 1781 et
1023 1731 1092 1780 ente
1106 1741 1199 1782 annos

103 1823 163 1866 sex
182 1803 393 1866 Alexandrinis
409 1809 580 1888 propositus
604 1827 639 1867 ec
658 1807 831 1888 consultus,
853 1827 932 1868 enno
947 1807 1060 1866 iuliano
1073 1807 1200 1887 imprae-

103 1889 185 1952 senti
209 1890 248 1949 sd
263 1891 380 1969 regulae
400 1891 623 1952 Astronomioae
646 1893 818 1967 emendato,
840 1891 1051 1952 Alexandrinis
1067 1889 1201 1972 primum

102 1975 241 2058 placuit,
261 1977 335 2036 etin
349 1985 501 2058 posterum
517 1995 662 2037 unacum
681 1995 760 2036 auno
777 1976 840 2037 fixo
860 1985 891 2036 et
912 1975 1052 2055 osetigsto
1074 1975 1126 2054 qui
1141 1975 1200 2034 ob·

105 2069 281 2122 servaretur
299 2071 439 2143 acceptus
460 2062 524 2122 esti
548 2071 601 2122 aut
621 2071 701 2121 certe
721 2062 813 2122 simul
828 2081 897 2124 curn
915 2083 994 2122 enno
1016 2059 1134 2120 luliaco
1150 2060 1200 2120 vi-

105 2143 182 2205 tiato
198 2145 235 2204 ab
249 2142 515 2209 urbe'Alexeudrie
530 2147 671 2208 Romanis
689 2147 822 2207 subiecta
841 2147 957 2208 civibus
972 2146 1113 2222 usitatus,
1133 2145 1200 2225 ple·

105 2249 179 2290 unm
196 2231 322 2308 Augusti
337 2233 451 2314 placito
471 2232 553 2313 opud
568 2231 789 2291 Alexandrinos
814 2233 1050 2292 emendationem
1073 2230 1199 2300 sortitus

105 2315 174 2375 esti
195 2315 326 2376 Dubium
340 2318 401 2378 hoc
412 2317 445 2376 iu
459 2327 575 2398 partem
590 2319 707 2374 omnem
723 2324 872 2376 versutum
894 2317 1017 2378 diseunt
1030 2325 1200 2396 temporum

106 2399 261 2460 doctrinae
272 2402 462 2460 doctissimus
475 2399 585 2460 author
605 2398 656 2461 lib.
677 2403 727 2466 10.
749 2417 813 2478 cap.
833 2400 932 2460 ultim.
976 2401 1060 2473 Quse
1079 2400 1199 2478 Georgii

107 2486 190 2544 circe
209 2484 288 2542 illud
306 2485 442 2544 doctrine
462 2493 509 2544 est
526 2483 644 2544 duobus
658 2493 689 2542 et
706 2483 781 2543 locis
793 2481 867 2541 milri
880 2483 1041 2560 colligitur.
1082 2485 1199 2544 Primus

104 2569 237 2628 hebetur
258 2569 363 2648 pagina
384 2568 535 2648 superiore
552 2567 600 2628 bia
621 2567 729 2628 verbis.
771 2563 963 2672 ίπειδιίνιαιδ
976 2563 1009 2630 εδ
1025 2561 1120 2651 Ιενοβ.
1136 2567 1200 2641 ἔτος

105 2655 166 2716 sori
178 2645 310 2732 κόσμου,
331 2647 405 2734 ὅπερ
425 2647 501 2715 sord
514 2646 603 2717 τόνδε
616 2646 749 2735 ἀκριβῶς
768 2649 842 2732 ἡμῖν
858 2649 1068 2730 αφοδενθίντα
1087 2644 1200 2712 κανόνα

106 2741 153 2822 spi
176 2731 218 2798 ιε’.
236 2739 294 2799 τοῦ
314 2731 489 2819 Aiyoiosoo
511 2739 662 2820 βασιλείας
679 2737 737 2800 ἔτει
756 2734 922 2819 dumphet,
950 2727 1019 2798 κατ’
1041 2731 1149 2807 ἄλλους
1166 2731 1200 2796 dl

107 2817 170 2885 ἀπὸ
180 2815 399 2906 Ἀλεξανδρείας
413 2819 444 2894 ό.
459 2817 493 2885 ro'
510 2817 670 2904 λεγόμενον
682 2822 824 2897 storeas
835 2818 986 2902 προετέθη
998 2813 1061 2883 διεδ
1073 2811 1201 2900 Aiyoo‘·

107 2923 180 2971 orou
195 2907 357 2990 Καίσαρος.
400 2907 559 2968 Indebium
572 2916 617 2966 est
629 2915 729 2966 eutem
742 2925 820 2965 anno
837 2905 893 2966 ilio
908 2915 992 2965 sexto
997 2949 1006 2981 ‚
1029 2913 1122 2985 prout
1131 2902 1201 2962 vult

106 2992 300 3070 Peuodorus,
323 2993 488 3053 bissextum
505 2993 582 3052 diem
596 2992 632 3050 ab
648 2989 859 3052 blexendrinis
879 2997 1080 3070 acceptatum:
1102 3009 1121 3046 e
1139 2985 1200 3047 du-

107 3077 158 3137 bio
177 3075 271 3154 igitur
289 3078 399 3157 procul
414 3087 457 3137 est
470 3077 536 3158 ipso
557 3086 661 3158 ceptae
679 3076 875 3137 Alexandriae
892 3095 984 3152 enno,
1008 3073 1061 3153 qui
1074 3071 1201 3150 Augusti

108 3161 230 3241 quintus
251 3181 288 3221 ec
306 3161 437 3222 decimus
457 3173 648 3240 numeretur,
671 3163 708 3221 sb
729 3161 838 3219 eisdem
854 3160 886 3219 in
900 3159 972 3219 anni
989 3157 1044 3218 fixi
1064 3156 1200 3218 ordinem

108 3246 201 3307 inisse
215 3245 384 3310 admissum.
424 3249 544 3326 Legitur
556 3249 632 3308 alter
647 3265 713 3327 pag.
734 3249 807 3312 309.
830 3244 864 3306 Δ.
885 3236 927 3325 ἦν
939 3239 1101 3325 Ὀλυμπιὰς
1116 3233 1200 3324 ρειθ’.

113 3326 176 3405 “rer
190 3327 250 3413 septi
264 3325 299 3402 ς’.
316 3333 473 3396 ααίανδοδν
485 3335 634 3412 Μαρτίων
647 3327 722 3394 sotei
734 3324 891 3412 Ἀντιοχεῖς
900 3323 958 3392 κδ’.
973 3327 1030 3392 bret
1046 3323 1140 3407 ἤχθη,
1155 3320 1201 3388 δι’

107 3355 148 3498 δίς
171 3415 221 3478 ἑνί
239 3421 301 3477 seis
324 3417 411 3479 ίδίοιν
433 3415 527 3499 δρίαν
542 3417 609 3497 ἔστη
633 3407 813 3487 distrusio.
856 3413 1099 3496 Olympies189.
1122 3431 1201 3472 enno

109 3501 276 3561 secundum
283 3501 424 3560 Aetheris
436 3503 584 3561 Cononem
600 3501 692 3567 5478.
707 3509 738 3560 et
752 3500 878 3580 Augusti
892 3505 942 3567 21.
956 3499 1103 3580 incipient
1120 3497 1202 3556 circe

110 3587 272 3647 solstitium
293 3587 454 3662 aestivum,
481 3607 593 3647 ennum
614 3586 745 3665 primum
769 3585 807 3644 ad
828 3585 900 3646 anni
923 3583 1073 3666 sequentis
1095 3577 1201 3640 mundi

110 3671 252 3732 nimirum
268 3671 362 3738 5479.
378 3679 408 3730 et
421 3671 545 3749 Augusti
557 3677 606 3737 22.
621 3669 784 3729 solstitium
799 3670 883 3729 eliud
897 3667 1060 3750 protrahit:
1081 3665 1114 3723 is·
1127 3683 1200 3723 vero

110 3756 237 3834 Augusti
253 3776 350 3814 annus
375 3755 522 3816 secundus
544 3775 634 3834 suprs
655 3754 831 3816 vicesimum
855 3764 915 3829 est,
944 3771 1003 3832 quo
1031 3749 1198 3807 bissextum
1213 3749 1245 3808 V.
1258 3749 1293 3808 tt

109 3840 235 3920 Augusti
259 3850 290 3899 et
314 3840 498 3900 eruditorum
526 3849 602 3899 nutu
626 3839 776 3898 firmatum
798 3838 925 3916 Georgio
948 3855 1010 3895 non
1030 3833 1197 3892 reluctante

110 3929 215 3989 statuit
228 3925 420 3987 Punodoruss
439 3924 693 4004 uuiversoiteque
705 3925 883 3985 cunctorum
901 3935 1064 3994 consensu,
1083 3925 1115 3976 et
1134 3918 1197 3976 nou

14 4057 15 4060 ,
110 4010 290 4074 infirmando
304 4029 361 4069 ueu
376 4011 573 4070 communiter
585 4019 725 4088 acceptus
738 4007 812 4084 fuit,
835 4005 888 4084 qui
904 4013 1017 4064 tantem
1038 4001 1123 4082 prius
1141 3999 1198 4058 ttr-

110 4100 244 4159 mitatem
266 4115 327 4154 uon
349 4095 518 4156 obtinuerat
538 4094 569 4153 in
590 4094 787 4154 eruditiorum
802 4089 906 4150 animis
920 4087 1062 4164 maxime,
1083 4084 1136 4164 qui
1158 4103 1197 4144 ex

111 4183 265 4266 plurium,
287 4197 375 4258 quarn
398 4201 452 4260 per
472 4181 550 4240 ieret
569 4178 684 4238 dierum
704 4175 924 4236 intercalarium
945 4171 1110 4234 adiectione
1125 4168 1198 4230 enni

111 4270 287 4344 dierumque
301 4265 435 4328 ordinem
456 4263 723 4324 animadverterent
736 4260 889 4320 vitiatums
911 4279 945 4319 eo
966 4277 1039 4319 uere
1059 4253 1199 4334 Augustei

111 4352 229 4436 imperii
255 4367 333 4410 euno
358 4355 409 4418 22.
436 4357 573 4410 scemata
596 4347 770 4409 recensione
796 4344 946 4425 edhibita,
975 4363 1045 4406 eum
1071 4341 1143 4426 anui
1162 4339 1198 4402 ab
