2860 4714
285 383 363 460 422
647 352 995 457 1111111111111011111
1076 370 1080 379 ’

350 543 438 616 Ἤτοι
452 539 564 628 Quoad
581 537 632 625 ς’.]
653 543 768 606 Pharao
785 542 916 624 primus,
937 559 992 602 rex
1014 549 1060 602 est
1083 539 1216 624 Aegypti
1239 545 1382 608 secundus

284 653 375 716 sopra
399 637 451 700 20.
474 633 716 692 Ramessemenus
739 630 880 704 nomine,
909 647 949 686 ex
970 645 1037 708 pag.
1062 632 1133 694 101.
1161 629 1196 690 G.
1218 629 1381 692 Tethmosis

285 728 402 796 eutem,
423 717 476 797 qui
486 713 786 796 lllisphragnruthosis
804 713 884 774 idem
897 711 983 772 audit
995 733 1033 772 ex
1048 731 1115 793 pag.
1132 717 1184 780 68.
1206 715 1243 776 Δ.
1264 717 1294 775 11.
1314 726 1380 798 post

262 802 464 864 'Concharim
485 821 546 882 quo
570 810 640 862 ante
655 805 706 868 20.
719 801 812 860 lineas
832 799 900 859 sede
915 797 1092 858 duodecim
1111 798 1237 860 locatur
1258 807 1310 863 roei
1331 797 1367 882 ιβ’
1367 843 1376 862 .

284 885 356 974 perd
374 885 447 964 sotir
468 884 697 968 προγραφέντας
722 880 774 950 κε’.
817 885 880 944 Rex
901 883 980 943 enim
1000 892 1044 943 est
1069 885 1196 966 Aegypti
1223 887 1325 945 tertius
1346 908 1378 944 sc

286 973 471 1038 tricesimus:
487 973 622 1047 Quanam
632 969 721 1030 modo
737 969 854 1032 ratione
868 967 1055 1030 Pharaonurn
1070 979 1175 1030 sextus
1188 969 1377 1030 nominatur?

283 1059 482 1140 Respondeo:
503 1078 520 1118 e
541 1055 729 1118 Pharaonem
746 1075 871 1116 nurnero
895 1053 1111 1134 expungendos
1130 1055 1243 1116 Silitenr
1260 1056 1296 1116 de
1314 1075 1372 1134 qno

309 1143 406 1212 .104.
422 1143 568 1220 Beonenr,
590 1140 783 1222 Apachuant‚
805 1138 993 1220 Aphophim,
1014 1159 1090 1220 quos
1113 1160 1179 1221 pag.
1198 1144 1263 1208 106
1284 1139 1372 1199 exhi-

283 1163 352 1306 het,
374 1229 540 1288 actandern
561 1225 683 1286 Sethunr
701 1234 730 1286 et
743 1227 861 1285 Certum
872 1223 910 1284 de
924 1225 1032 1304 quibus
1045 1244 1115 1305 pag.
1132 1228 1197 1294 128.
1214 1225 1291 1304 qnod
1308 1245 1371 1284 non

283 1313 423 1399 Aegyptii
436 1313 607 1391 indigenae,
629 1311 683 1371 sed
699 1309 792 1390 Hycsi
806 1310 939 1371 advenae
954 1319 1143 1391 reputentur.
1184 1308 1234 1370 llis
1255 1329 1369 1392 compa·

283 1401 377 1460 rande
413 1415 469 1458 uae
484 1396 659 1460 scribuntur
673 1417 703 1477 p.
720 1401 790 1462 109.
806 1395 840 1456 Δ.

366 1417 417 1554 λθ.
438 1477 546 1556 duwe]
575 1483 725 1560 Frequens
747 1479 895 1540 hocloco
920 1479 1041 1558 Georgii
1065 1477 1261 1539 hallucinatio
1282 1479 1330 1559 qui
1352 1501 1370 1538 a

282 1564 455 1628 Thethmosi
481 1567 545 1628 sive
569 1565 869 1647 Misphragrnuthosi,
907 1566 1041 1645 subque
1069 1565 1188 1644 Moyses
1213 1575 1295 1624 notos
1317 1573 1369 1642 est,

282 1652 392 1712 transit
406 1653 444 1712 ad
458 1653 569 1730 alium,
592 1673 652 1733 quo
666 1661 809 1730 regnante
843 1650 968 1710 relectio
984 1670 1022 1710 ex
1035 1649 1173 1729 Aegypto
1188 1659 1322 1730 suscepta.

369 1731 686 1822 Βασιλ1ωνκγ’.ἐτοῖν
706 1733 779 1816 dio
826 1733 847 1816 .]
870 1736 917 1796 Ex
937 1735 1064 1816 losepho
1085 1743 1159 1796 nota
1173 1735 1302 1815 sequenti
1318 1755 1370 1794 nu·

284 1821 489 1886 merebuntur.

367 1907 435 1985 Pag-
459 1906 529 1974 104.
549 1899 653 1970 'raetos
668 1901 700 1968 di
710 1899 758 1969 dre
771 1901 855 1985 stapel
868 1908 910 1988 τῷ
924 1897 1103 1986 lenimen]
1122 1903 1216 1964 Fictis
1228 1905 1259 1964 in
1272 1923 1368 1963 sonno

282 1993 415 2054 numeris
435 1992 551 2054 deludit
569 1991 697 2070 seipsum
713 1987 831 2050 Author
847 1989 1008 2068 Georgius,
1031 1998 1062 2048 et
1078 1988 1199 2048 umbras
1218 1989 1369 2068 amplexos,

282 2077 441 2138 retinuisse
466 2075 544 2136 nihil
565 2071 807 2154 deprehenditur.
850 2073 944 2134 Iidem
969 2082 1056 2145 sunt,
1077 2073 1195 2154 inquit,
1225 2073 1369 2153 alosepho

283 2161 437 2220 memorati
460 2167 528 2238 post
546 2157 724 2218 Concharirn
748 2177 847 2238 regem
867 2159 919 2226 25.
943 2158 1076 2237 (dequo
1100 2179 1167 2238 pag.
1188 2159 1368 2240 praecedens)

282 2255 313 2304 et
334 2245 386 2322 qui
407 2241 579 2302 1111111111οηί
600 2243 743 2321 llynestia
759 2249 809 2310 17.
832 2247 881 2308 18.
905 2252 934 2302 et
950 2249 999 2310 19.
1021 2241 1209 2304 celebrantur
1230 2265 1307 2324 reges
1322 2245 1368 2303 de·
1413 2313 1414 2316 Ἴ

280 2328 453 2408 gyptiorum
475 2339 533 2388 tres
555 2335 585 2386 et
606 2327 723 2405 viginti.
778 2328 862 2386 Certe
886 2327 1073 2387 Manethonis
1103 2349 1171 2388 curn
1192 2339 1368 2389 monumenta
1413 2319 1414 2337 ¹

282 2434 344 2474 non
360 2421 479 2486 extent,
502 2433 540 2472 ex
555 2411 688 2472 Africani
710 2413 758 2472 vel
773 2413 894 2472 Eusebii
918 2413 1127 2492 llynnstiarurn
1148 2415 1300 2474 laterculis
1315 2435 1368 2474 eor-

283 2499 350 2559 dem
367 2519 430 2557 esee
445 2519 588 2576 nusquam
604 2499 735 2576 gentium
755 2498 926 2578 probaverit
942 2498 1101 2576 Georgius,
1124 2501 1179 2580 qui
1199 2501 1236 2558 ab
1255 2500 1366 2561 Eusebio
1412 2511 1413 2567 ς

282 2583 432 2642 mutilatas
450 2593 480 2644 et
494 2584 626 2643 inversas
643 2581 732 2642 hasce
748 2583 902 2664 Dynaetias
916 2585 1125 2664 conqueritur,
1147 2595 1178 2644 et
1199 2585 1278 2666 apud
1290 2605 1366 2666 quern

281 2667 389 2730 harum
412 2669 503 2728 trium
527 2669 736 2748 Dynastiorum
763 2687 799 2727 ex
823 2666 956 2728 Africani
988 2669 1112 2728 calculis
1135 2669 1175 2728 ad
1195 2693 1284 2730 annos
1304 2673 1365 2734 623.
1411 2737 1412 2746 χ

283 2754 417 2814 recendit
439 2773 570 2830 summa,
594 2773 669 2832 quoe
689 2753 839 2834 exipsius
860 2753 1031 2814 testimonio
1047 2753 1365 2814 securrdurndlanetho-
1411 2761 1412 2795 t

281 2859 348 2898 nem
371 2843 442 2906 592.
468 2859 529 2897 non
550 2847 719 2918 exsuperat.
760 2839 800 2898 Ar
815 2857 910 2918 neque
925 2837 1098 2897 hlenetlroni
1113 2861 1194 2918 reges
1216 2837 1362 2898 Conchoris

281 2941 464 2982 successores
486 2933 548 2982 tres
575 2933 604 2982 et
624 2923 731 3000 viginti
754 2945 770 2980 a
793 2923 896 2981 mundi
920 2923 1013 2989 3175.
1034 2944 1159 3002 regnare
1181 2925 1271 2984 exorsi
1289 2931 1365 2998 sunl,

280 3006 362 3086 apud
380 3025 467 3086 quem
483 3007 644 3066 immensae
659 3027 808 3066 annorum
826 3029 843 3065 a
857 3008 973 3086 regibus
989 3008 1144 3089 Aegyptiis
1160 3010 1364 3072 exlranriuntur
1410 2995 1411 3022 l

281 3089 439 3167 myriades.
481 3091 533 3152 Est
545 3091 638 3170 igitur
652 3092 824 3152 Pauodorus
839 3095 888 3152 vel
903 3093 1034 3152 Auienus
1051 3105 1175 3173 uterque
1194 3093 1363 3156 hlonethonis

282 3175 498 3254 chronologiae
520 3177 674 3254 addictus,
705 3197 792 3258 quem
820 3177 1003 3237 deserturum
1028 3198 1059 3237 se
1082 3199 1150 3238 cuin
1174 3181 1257 3242 laude
1280 3182 1360 3239 Geor-
1409 3211 1410 3253 p

281 3259 347 3338 gius
367 3269 563 3338 protestatur:
593 3261 665 3322 alias
688 3279 834 3322 aeriorum
853 3263 980 3321 duorum
999 3262 1077 3324 inter
1095 3267 1167 3331 592.
1185 3263 1360 3334 11691111-

281 3343 393 3402 crimen
417 3365 478 3402 non
503 3345 654 3418 efficeret.
676 3356 712 3406 ut
727 3347 871 3428 Iosephus
892 3347 1064 3406 Manetlroni
1087 3351 1233 3428 praeferri
1246 3367 1360 3410 11111111-

281 3437 339 3488 tur.
381 3428 435 3486 His
450 3429 526 3489 adde
541 3451 630 3509 quem
643 3433 747 3492 laudat
761 3431 937 3512 losephunr‚
960 3453 1016 3492 neo
1032 3433 1066 3492 iu
1079 3455 1185 3513 regum
1198 3435 1361 3508 nominibus,

282 3533 338 3577 uec
353 3513 387 3572 in
402 3513 489 3575 annis
504 3515 665 3594 Georgium
683 3515 745 3577 ullo
761 3527 849 3598 pacto
865 3518 983 3578 sectori.

282 3669 403 3753 Regum
429 3665 650 3752 Aegyptiorum
676 3673 729 3737 23.
742 3669 932 3819 ὼίὲυηοήῐανίε
959 3691 1168 3736 successorum
1194 3697 1229 3738 se
1253 3668 1358 3754 laepia

788 3777 857 3819 eroes
871 3777 917 3820 us.

369 3859 396 3920 1.
418 3854 525 3916 Salutis
546 3855 632 3914 annis
656 3859 704 3923 19.

366 3941 497 4010 1.,111011
520 3939 606 3998 annis
627 3942 677 4008 44.
776 3951 779 3960 ’

363 4028 393 4090 3.
414 4025 571 4104 Apachnas
592 4031 643 4092 36.
665 4025 813 4087 mensibus
833 4033 865 4096 7.

365 4109 395 4173 1.
416 4108 551 4188 Apophie
573 4111 657 4170 amris
679 4115 729 4178 61.

366 4193 395 4256 5.
416 4193 512 4254 lanias
532 4195 617 4253 annis
639 4199 690 4264 50.
712 4216 807 4258 ment.
830 4202 857 4264 1.

365 4279 394 4340 6.
418 4275 497 4334 Assia
519 4279 604 4337 antiis
626 4282 674 4345 49.
696 4301 788 4340 inens.
806 4289 836 4350 2.

366 4359 395 4416 7.
417 4358 584 4420 Telhmosis
605 4363 690 4426 annis
711 4365 762 4432 25.
783 4367 933 4428 metuihus
955 4368 985 4434 4.
