2888 4714
396 351 457 422 ΕΤ
477 347 837 422 ΑΝΝΟΤΔΤΙΟΝΕθ.
1081 341 1155 418 489

73 528 141 572 rare.
183 508 227 570 Et
245 509 282 570 de
302 529 425 572 exeenn
447 510 566 592 qnidam
580 511 613 570 iu
629 508 703 572 Iuda
716 529 818 590 regum
834 507 1018 592 temporibus
1041 496 1156 573 exube-

74 605 151 656 rante
172 614 214 653 ax
236 595 512 676 supramemoratis
533 595 618 654 nulla
640 593 821 674 relinquitur
841 597 1006 660 dubitatio:
1032 597 1155 658 alterins
1262 609 1265 614 '

72 680 286 740 Chaldaeorum
297 700 399 758 regum
412 689 586 760 computum
599 679 758 739 inficientis
773 681 870 740 facilis
886 683 1098 743 demonstratio
1115 683 1156 744 ad

69 783 133 844 pag.
153 768 230 832 208.
254 775 285 824 et
304 771 375 834 209.
396 765 576 844 scriptorum
596 764 733 822 memori:
763 763 896 838 Quatuor
911 768 1050 828 videlicet
1068 769 1156 828 annis

71 869 149 908 serre
161 851 403 910 Nabonasaroeae
416 849 655 908 Ecclesiasticnm
670 849 818 907 Canonem
833 849 958 908 alterum
972 853 1157 914 Astronomis

70 935 211 994 usitatum
230 954 377 1015 superare.
419 937 477 992 Sex
493 943 590 992 autem
613 929 735 1012 integris
748 933 832 992 Nabii
847 934 935 992 aetati
949 934 1105 1010 detractie,
1126 947 1157 998 et

71 1038 127 1077 uno
147 1021 336 1080 Nabonaaari
357 1019 442 1078 annis
463 1027 530 1078 anta
547 1016 822 1078 Nabuchodonosor
844 1027 1045 1098 tempestatem
1067 1023 1156 1082 rasti-

71 1111 150 1181 tuto,
173 1115 207 1164 et
225 1125 328 1164 rursus
351 1104 409 1162 olio
431 1101 589 1178 Artabani,
612 1103 697 1162 cuins
719 1103 752 1162 in
776 1103 893 1162 Conone
914 1123 975 1162 non
989 1103 1023 1163 fit
1036 1107 1157 1184 mentio,

73 1187 185 1268 dequo
206 1209 273 1270 pag.
291 1190 361 1256 251.
382 1188 470 1246 aetati
487 1197 653 1264 reservato,
675 1187 838 1250 desiderata
854 1197 1009 1268 reparatur
1028 1191 1158 1267 aequali-

71 1281 124 1331 tas:
147 1273 197 1332 ain
215 1275 313 1336 minus
326 1273 502 1352 apponitur,
525 1282 642 1334 constat
657 1274 736 1332 unde
751 1273 881 1356 quinqua
898 1293 1043 1334 annorum
1058 1283 1164 1333 tumor·

70 1357 98 1416 in
118 1357 400 1418 Nabuchodonosor
419 1367 512 1416 aetate
535 1361 649 1436 ceperit
672 1357 899 1423 incrementum.
941 1358 1160 1420 Animadvertit

69 1443 223 1502 Librarius
240 1451 269 1502 at
287 1441 410 1502 inferius
431 1462 495 1522 psg.
513 1445 586 1508 281.
599 1452 634 1502 nt
648 1436 732 1522 prins
745 1463 812 1522 pag.
828 1448 900 1510 216.
917 1453 947 1503 et
959 1449 1030 1511 217.
1052 1443 1159 1505 scribit

68 1527 96 1584 in
115 1527 262 1604 margine.
297 1521 373 1590 αατιί
393 1521 428 1590 ου’
447 1528 546 1607 παροδ
565 1523 640 1608 opis
666 1520 790 1606 σφάλμα
806 1531 867 1588 τῶν
885 1522 1095 1610 καλλιγράφυν
1116 1530 1160 1604 είς

69 1609 135 1686 νοτίς
150 1616 218 1673 ταῖν
229 1609 374 1691 βασιλέων
385 1605 525 1692 χρόνους,
550 1616 625 1674 αλλα
637 1608 763 1692 τέσσαρα
776 1609 826 1690 ἔτη
837 1607 1018 1692 προσθήκην
1033 1613 1076 1686 τίς
1089 1611 1161 1688 νοτίς

70 1697 245 1770 Χαλδαίους
271 1694 456 1776 είρίσκονται
482 1697 612 1775 κείμενα.
664 1695 709 1756 Ob
729 1695 946 1754 Librariornm
966 1698 1161 1758 oscitantiam

70 1781 109 1840 od
126 1779 352 1840 Chaldaeorum
364 1801 470 1859 regum
484 1802 597 1858 οαοοο,
619 1791 753 1862 quotuor
766 1781 933 1860 superfluos
951 1783 1076 1860 reperies
1094 1779 1160 1840 nd-

71 1865 157 1926 ditoc.
203 1865 337 1924 Placeret
354 1865 572 1945 (lalligraphos,
596 1885 654 1926 non
669 1865 844 1944 Georgium,
867 1865 976 1925 erroris
995 1875 1056 1926 tam
1080 1867 1161 1926 foedi

71 1970 137 2012 reor
159 1969 263 2028 agere,
292 1950 440 2030 placeret,
468 1951 605 2029 inquam,
632 1951 754 2010 omnino
781 1950 969 2010 coniecturae
995 1951 1160 2026 clementia,

72 2043 102 2092 et
114 2035 322 2114 interpretatio
346 2034 531 2114 paralogismi
547 2055 734 2114 summopere
747 2035 862 2112 suavis,
884 2036 909 2094 si
929 2055 1162 2114 quaquaversus

74 2119 227 2196 perpensis
239 2117 452 2178 Chaldaeorum
472 2121 642 2200 principum
657 2121 742 2178 annis
756 2120 864 2180 erroris
883 2120 964 2198 origo
977 2141 1039 2179 non
1058 2121 1161 2182 statim

74 2202 106 2260 in
126 2202 192 2282 ipso
213 2204 340 2282 Georgio
359 2205 558 2284 reperiretur,
579 2205 631 2284 qui
651 2214 716 2262 tum
731 2205 851 2286 scriptis
870 2203 1064 2266 inemendatis
1079 2225 1160 2282 usna,

73 2293 137 2344 tum
154 2287 316 2348 dormitans
332 2287 491 2368 nonnihil,
511 2299 540 2348 et
556 2309 663 2368 parurn
679 2289 735 2347 sibi
752 2289 911 2368 providus,
932 2309 1079 2350 annorum
1098 2290 1163 2350 oal-

75 2371 171 2448 culos,
192 2373 329 2434 nondum
345 2393 434 2456 opere
446 2371 568 2454 proprio
585 2372 751 2448 recensito,
773 2375 914 2432 confusos
931 2375 1017 2435 nobis
1029 2375 1161 2454 reliquit.

151 2449 300 2532 Ἀκούσας
308 2454 341 2520 δὲ
356 2457 375 2522 o‘
389 2455 488 2538 πατήρ
504 2453 622 2537 ednod]
638 2456 693 2525 Hie
707 2456 825 2516 Eusebii
835 2458 1022 2536 Scaligeriani
1034 2479 1100 2537 pag.
1110 2461 1162 2526 40.

75 2541 255 2621 reperiendis
269 2543 376 2602 titulus
391 2541 571 2623 praefigitur.
614 2541 647 2606 ἐκ
659 2544 712 2620 τῆς
724 2541 825 2622 τρίτης
837 2545 899 2604 τοῖν
913 2543 1093 2604 Χαλδαϊκῶν
1104 2547 1163 2620 Βη-

77 2631 191 2704 nonnosi
205 2629 402 2710 Βαβυλωνίου
419 2625 519 2708 inplere
534 2620 637 2704 Βήλου
658 2627 805 2706 pluraque
819 2625 1050 2704 Georgii-textui
1066 2633 1164 2686 assuta

76 2709 143 2770 fient
159 2713 279 2773 obviam
292 2712 373 2792 apud
387 2711 545 2793 losephum
558 2712 610 2775 lib.
627 2715 675 2780 10.
690 2731 757 2792 csp.
781 2715 830 2778 11.
851 2719 882 2772 at
897 2711 976 2792 apud
987 2709 1164 2770 Enerebium

79 2793 111 2854 de
126 2798 262 2880 Praepor.
275 2797 385 2874 Evang.
399 2797 452 2858 lib.
470 2802 499 2866 9.
513 2817 578 2876 cap.
593 2797 644 2864 40.

153 2885 222 2962 Pag.
241 2887 313 2950 221.
328 2880 464 2968 Δευτέρῳ
477 2881 535 2944 teas
548 2886 603 2961 τῆς
615 2879 766 2961 βασιλείας
775 2873 879 2954 ednod,
894 2873 925 2943 e'.
940 2877 997 2942 tm
1009 2871 1162 2959 ’ίοατείμλ

80 2961 180 3026 lneunt
200 2968 302 3046 itaqua
323 2967 413 3026 simul
434 2976 464 3026 et
481 2966 597 3046 primus
615 2963 891 3032 Nabuchodonosor
903 2985 999 3024 annus
1013 2975 1043 3024 et
1054 2965 1167 3026 loacim

81 3061 212 3130 quartus,
235 3063 267 3111 et
287 3071 325 3111 ex
347 3050 524 3111 correctiora
538 3049 680 3110 luthoria
702 3060 842 3130 computo
865 3051 898 3109 in
917 3069 1028 3129 annum
1044 3050 1080 3108 ab
1094 3049 1165 3110 orbe

82 3137 194 3196 condito
209 3137 304 3210 4883.
320 3136 406 3196 debet
415 3146 549 3216 uterque,
564 3143 657 3216 prout
669 3137 834 3214 superiores
847 3145 935 3194 notae
949 3135 1164 3212 demonstrant,

81 3223 235 3282 convenire
245 3244 259 3280 s.
283 3221 354 3280 exin
367 3243 438 3282 vero
463 3223 501 3280 ad
522 3219 594 3300 Cyri
614 3221 761 3300 primum,
786 3220 837 3299 qui
856 3219 961 3282 mundi
977 3221 1070 3286 4952.
1093 3221 1166 3280 anni

83 3307 257 3382 captivitatis
271 3306 456 3386 septuaginta
470 3305 704 3367 interlabantur.
747 3304 816 3364 Sive
834 3305 924 3383 igitur
938 3303 1163 3364 aNabuchodo-

83 3403 165 3450 nosor
177 3391 287 3471 primo,
310 3390 373 3450 sive
384 3413 401 3449 a
411 3391 523 3450 loooim
540 3399 643 3470 quarto
656 3389 857 3471 captivitatem
868 3390 1020 3468 Iudaicum
1035 3411 1090 3470 per
1105 3411 1162 3450 an-

83 3487 131 3532 nos
153 3477 339 3557 septuaginta
358 3476 502 3552 deducas,
526 3474 644 3556 privata
665 3473 836 3555 principum
855 3485 990 3557 tempora
1013 3477 1051 3536 ad
1067 3485 1162 3536 totam

84 3571 117 3614 tx
134 3560 174 3620 aia
193 3582 338 3625 summam
358 3561 513 3620 collectam
535 3580 685 3620 summum
708 3560 814 3620 debent
832 3580 949 3624 sermo
969 3580 1160 3621 consensum:

84 3645 209 3716 quodam
223 3645 276 3706 hic
289 3665 433 3726 exaequo
449 3655 478 3705 et
488 3646 567 3704 hono
581 3645 733 3723 contingat
745 3645 907 3726 impensius
922 3645 1161 3706 examinandum.

85 3725 223 3809 &quarto
236 3731 347 3790 Ioacim
366 3751 444 3790 anno
459 3739 664 3810 septuagenaria
684 3729 861 3794 ludaeorum
874 3731 1070 3790 calamitatem
1085 3747 1161 3786 oon·
1251 3731 1255 3737 “
1317 3732 1321 3740 “

85 3805 142 3870 licit
162 3813 282 3877 Anthor
299 3815 359 3876 hoc
378 3825 478 3897 pacto.
519 3815 663 3875 Numerat
686 3815 740 3874 illa
762 3817 794 3876 in
814 3817 927 3875 loacim
952 3822 1046 3872 aetate
1067 3832 1161 3872 annos
1240 3853 1242 3856 -

87 3905 164 3956 octo:
184 3901 217 3958 in
240 3899 370 3960 loachim
393 3901 456 3962 aive
475 3899 630 3960 lechoniae
651 3899 746 3959 tribus
763 3901 911 3959 mensibus
927 3917 1039 3958 annum
1052 3917 1161 3956 unum:
1179 3905 1211 3963 Ρ.
1221 3907 1255 3964 61

86 3973 114 4034 1'11
127 3983 261 4044 Sedeciae
273 3995 413 4067 tempore,
431 3985 583 4046 undecim:
606 3983 911 4046 aNabuohodonosor
926 4003 1004 4042 anno
1015 3981 1099 4061 regni
1114 3987 1163 4050 19.

87 4055 313 4148 Hierosolymam
334 4080 497 4147 evomente,
526 4080 653 4150 quatuor
672 4079 702 4130 et
723 4067 848 4148 viginti:
874 4065 1162 4145 Eviladhlerodaoh,

89 4147 226 4232 quinque:
248 4154 433 4234 Nirigleeeri‚
453 4163 531 4216 tres:
553 4165 584 4215 et
601 4156 634 4214 in
656 4153 792 4231 Astyagis
815 4152 931 4212 demum
948 4151 1091 4232 imperio,
1113 4173 1163 4213 sa·

88 4235 272 4303 nondecim:
298 4239 400 4299 addito
423 4240 493 4318 Cyri
513 4241 610 4319 primo
635 4237 810 4316 cunctisque
831 4235 965 4296 collectis
980 4237 1164 4316 homadihus,

91 4317 153 4375 antri
165 4321 340 4403 colliguntur
357 4324 558 4407 septuaginta:
587 4325 685 4386 Ducat
704 4321 822 4384 Anthor
833 4341 1027 4386 numerorum
1044 4323 1164 4386 initium
