2960 4716
523 371 780 446 PRAEFATIO.
1158 369 1208 444 67

103 529 254 612 Ιῃὶωῗω
268 529 465 612 captivitatis
475 531 615 595 deamata
630 531 762 614 exordis,
783 540 814 594 et
829 531 911 594 oiroa
922 533 1097 615 Gsmbyeem
1110 541 1141 596 et
1150 533 1207 596 Ne.

104 615 338 678 hedodonosor
358 617 523 680 adusissum
539 638 670 679 errorem
682 615 740 701 ⁸³),
761 617 896 698 Hyrcani
909 627 939 680 et
950 619 1077 682 Herodis
1092 630 1208 702 tempus

98 721 191 784 pravo
211 701 437 780 distributum,
458 702 629 784 Christique
647 705 766 764 demum
793 713 974 766 servatorem
995 706 1098 764 aetatis
1119 707 1206 766 annis

97 787 293 850 solummodo
304 786 437 866 tn'ginta
450 797 481 848 ot
492 807 553 848 nno
566 788 695 868 amplius
707 787 743 846 sb
758 788 861 848 eodm
873 789 1129 870 circumacriptam
1145 809 1207 852 non

97 873 215 948 mam,
237 871 353 954 qm'bus
366 879 468 954 potest
481 881 545 934 arta
558 881 589 932 et
611 871 728 934 viribus
739 872 909 934 insectatur.
952 873 1033 936 Haeo
1045 873 1141 934 nihilo
1156 895 1206 936 ae-

7 1033 8 1036 *
100 955 164 1018 eins
193 955 234 1016 ab
254 955 406 1018 Africano
428 966 539 1018 asserta
566 957 689 1037 aequior
708 977 865 1038 perpessae
895 965 940 1018 est
961 959 1124 1038 Georgius,
1149 979 1206 1020 nec

98 1043 216 1122 stylum
227 1051 395 1122 propterea
407 1041 582 1104 mansionem
590 1043 623 1102 in
635 1062 704 1104 eum
719 1043 869 1102 exseruita
882 1043 953 1122 plus
967 1044 1039 1106 satis
1053 1045 1158 1104 animia
1171 1046 1205 1106 in

7 1149 9 1218 L
99 1126 296 1186 Anianumet
305 1127 644 1188 Panodoruminvectus
658 1124 763 1206 estu),
777 1137 925 1188 eteorum
934 1126 1206 1207 chronographiam

7 1219 8 1266 ἶ
99 1211 134 1272 in
148 1211 324 1272 Gentilium
341 1211 629 1291 Haeretioorumque
656 1211 748 1272 anilia
778 1222 946 1274 commenta
973 1233 1034 1274 eese
1053 1213 1207 1274 inflecten-

101 1305 164 1356 tem
176 1295 379 1356 deiiciendsm
393 1305 493 1368 ratus,
514 1297 597 1357 viros
609 1297 719 1376 pietate
733 1297 965 1373 commendatos,
987 1299 1131 1358 sententia
1144 1299 1206 1360 sor-

103 1379 273 1440 midoloeos
285 1381 366 1456 (nam
378 1381 483 1442 Beroei
498 1379 741 1460 Manethoniaque
755 1383 870 1442 fabulas
887 1391 918 1444 et
928 1383 1101 1470 innumerps
1112 1401 1207 1442 anno·

106 1485 179 1526 rum
209 1465 348 1544 periodos
370 1467 410 1526 ad
425 1465 600 1546 Scriptum
622 1475 768 1543 mentem,
789 1475 819 1526 et
836 1467 979 1547 temporis
999 1468 1127 1547 sparsim
1152 1483 1207 1547 per

7 1589 8 1616 ἦ
105 1567 171 1610 sam
184 1552 342 1612 memorati
356 1571 526 1612 mensuram
541 1551 669 1611 traxisse
682 1549 755 1610 dicti
767 1548 861 1633 eunt),
877 1555 1010 1612 oratione
1018 1553 1205 1614 lacessendos

103 1644 135 1696 et
153 1635 259 1697 valido
280 1637 433 1696 rationum
449 1635 581 1716 pondere
600 1635 768 1696 atterendus
781 1637 957 1700 aestimavit.
1000 1637 1071 1697 Eam
1086 1637 1124 1696 ob
1141 1657 1204 1698 rem

7 1719 9 1764 ἱ
104 1720 256 1799 quioquid
267 1720 305 1780 do
319 1721 475 1800 Babylone
487 1729 515 1780 et
523 1722 659 1800 Aegypto
674 1739 729 1780 eeu
744 1719 859 1780 diluvio
867 1719 911 1798 ³⁶)
926 1719 1075 1799 prioribuo
1088 1741 1206 1799 sugger—

7 1805 8 1876 ἶ
103 1804 455 1885 amuntexcipiendum3
475 1805 617 1884 quicquid
632 1805 668 1864 de
687 1804 785 1880 Serio,
805 1803 890 1866 Neris
907 1813 938 1864 et
957 1807 1051 1864 Sosais
1064 1806 1098 1864 in
1110 1826 1205 1866 annos

105 1897 226 1949 nostroe
249 1890 471 1950 commutandis
485 1890 622 1950 enbtilius
634 1897 851 1969 expoeuerunt,
872 1889 1016 1968 quiequid
1032 1889 1111 1949 inter
1123 1890 1206 1950 anti-

108 1992 185 2051 quas
204 1973 355 2034 Historias
385 1975 546 2034 commenti
570 1973 691 2034 nomine
720 1973 843 2052 dignum
861 1983 1027 2052 temperato
1051 1973 1207 2052 allegoriae
1229 2021 1232 2032 .

107 2057 572 2138 sensomitiusinterpretandum
578 2066 746 2134 euenerunt,
761 2057 794 2117 id
807 2071 893 2118 omne
901 2057 1045 2134 Georgius
1052 2057 1095 2132 ⁸⁶)
1107 2077 1208 2138 asper·

107 2151 197 2203 netur
209 2153 240 2216 et
251 2143 365 2218 reiicit,
386 2151 417 2202 et
430 2163 446 2200 a
459 2143 577 2224 piorum
589 2143 737 2204 mentibus
749 2161 865 2224 semper
878 2143 1038 2202 arcendum
1053 2142 1206 2204 admonete

104 2227 181 2311 =quin
200 2227 292 2288 etiam
318 2227 508 2288 Panodorum
528 2227 614 2288 annis
644 2227 791 2289 duntaxat
810 2236 922 2309 septem
942 2247 1039 2288 seram
1061 2225 1208 2288 Christiaa

110 2328 176 2372 narn
193 2313 233 2371 ad
250 2333 368 2374 annum
390 2333 407 2371 a
429 2313 532 2372 mnndi
553 2313 679 2374 conditu
695 2311 852 2392 quinquies
866 2312 1056 2372 millesimum
1071 2321 1101 2372 et
1115 2312 1207 2392 qsrin·

109 2394 305 2474 germinum
325 2397 363 2456 ab
377 2397 518 2458 Africano
531 2393 573 2478 ⁸⁷)
598 2397 681 2477 prim
703 2397 872 2458 devinctam
896 2417 951 2458 ouo
976 2398 1093 2458 calculo
1114 2417 1208 2478 prae-

110 2491 291 2558 venantem,
314 2481 399 2562 qnod
414 2482 558 2561 Georgius
577 2482 632 2542 iste
646 2482 841 2562 posteriorem
858 2481 1042 2562 probandam
1056 2483 1207 2557 decernat,

110 2564 311 2639 bundorum,
332 2567 466 2647 inquam,
486 2567 682 2628 Alexandrini
703 2566 838 2646 computi
851 2577 1002 2628 auctorem
1018 2565 1209 2644 poatmodum

113 2646 265 2726 habitum,
283 2660 315 2712 et
337 2647 377 2710 ob
392 2651 583 2713 concordiem
595 2653 675 2712 inter
686 2671 779 2712 annoe
791 2651 913 2726 mundi,
935 2649 1047 2710 Christi
1060 2669 1167 2726 seram,
1178 2657 1209 2710 at

114 2731 286 2794 indictionis
306 2736 606 2796 nnmerumseliciter
622 2736 817 2796 instauratam
829 2733 956 2796 eruditio
972 2735 1110 2794 omnibus
1123 2753 1208 2794 com·-

112 2819 297 2896 mmdatum,
318 2821 384 2898 ipse
395 2820 587 2901 opinatarum
600 2818 807 2881 tenacissimus
822 2837 885 2878 non
901 2819 965 2878 sine
978 2815 1208 2898 reprehensione

112 2903 261 2984 praeterit.
307 2903 426 2984 dbripit
437 2905 496 2964 ism
513 2925 569 2964 nos
582 2899 655 2964 hinc
672 2899 814 2983 Iosephus
828 2899 966 2982 Scaliger,
988 2901 1066 2962 etde
1079 2899 1209 2964 dissidiis

112 2985 189 3050 inter
215 2987 378 3068 Georgium
398 2997 429 3048 et
453 2985 642 3050 Panodorum
661 2989 752 3048 motis
770 3007 877 3068 parum
897 2987 1062 3064 sollicitus,
1083 2987 1123 3046 ad
1137 3007 1208 3066 gra-

115 3071 212 3148 vion,
234 3075 345 3154 quibus
359 3072 519 3134 Eusebium
534 3074 678 3152 Georgius
692 3071 844 3132 insecutus
862 3079 923 3150 eat,
943 3079 1072 3132 mentem
1087 3080 1118 3130 et
1131 3091 1209 3132 ocu-

8 3195 9 3206 r
115 3153 160 3216 loe
177 3167 286 3218 avocat
307 3156 365 3236 ’ἢκ
394 3168 424 3216 et
444 3161 490 3218 εἰσ
510 3161 629 3238 speum,
657 3155 769 3238 inquit,
790 3153 957 3216 Eusebium
981 3152 1132 3234 Gessrgs'ua
1153 3157 1210 3214 iata

113 3242 285 3317 manao,
307 3243 361 3302 udi
379 3239 459 3323 quid
476 3243 528 3302 ille
548 3241 649 3322 paulo
671 3241 805 3302 alienius
825 3260 847 3300 a
867 3261 937 3304 suro
953 3237 1031 3298 dixit
1051 3249 1106 3299 aut
1116 3241 1210 3318 ficit,

9 3337 10 3398 j
114 3327 317 3408 denegarat,
339 3337 384 3404 ua,
406 3327 548 3388 abimus
561 3329 653 3406 venit,
673 3323 977 3386 rarohoma'ssemss'ne
988 3322 1210 3384 acerbaobs'ur-

9 3409 10 3488 }
112 3413 235 3490 ‘mione
255 3423 313 3472 mat
334 3405 546 3472 contumelioso
566 3411 648 3471 dioto
668 3409 817 3471 dimittat.
861 3409 1010 3483 Quorsum
1034 3429 1107 3468 vero
1130 3429 1211 3490 qno·

9 3493 11 3552 2
114 3515 239 3575 rumque
260 3496 414 3577 postulati
437 3495 528 3558 Cuius
548 3516 617 3575 ergo
640 3513 708 3555 cum
720 3491 849 3556 Eusebio
863 3491 1006 3572 Georgius
1026 3491 1139 3553 iudicio
1155 3493 1211 3554 de-

118 3579 229 3640 certat?
250 3580 386 3662 sparsim
404 3590 435 3642 et
454 3601 525 3642 casu
545 3581 676 3660 Scaliger
687 3588 822 3642 recenset
842 3578 874 3638 in
891 3575 1210 3640 animadversionibuss

115 3663 154 3724 sd
176 3664 252 3725 haec
272 3667 336 3726 fere
350 3666 449 3746 capita
461 3665 619 3728 discrimen
632 3686 721 3726 omna
735 3661 936 3727 contrahitur.
977 3661 1128 3724 Iuniorem
1144 3661 1211 3722 Cai-

114 3769 173 3810 nan
185 3749 438 3830 quemadmodum
449 3751 533 3831 prius
547 3749 714 3824 Africanae,
725 3745 772 3808 ¹ita
783 3745 925 3808 Eusebiuo
939 3745 1038 3808 omisit
1050 3741 1111 3830 ⁸⁰)s
1133 3741 1213 3806 Aodi

115 3829 222 3896 iudicis
244 3853 340 3894 annos
356 3833 458 3896 decem
477 3857 540 3896 non
556 3833 739 3898 observavit:
762 3831 992 3912 alienigenarum
1018 3848 1138 3910 quoque
1152 3850 1213 3908 po-

117 3919 229 3980 testatis
249 3921 284 3979 in
307 3919 455 3980 Israelites
480 3919 614 3982 iudicum
636 3928 769 4000 tempore
788 3917 936 3979 exercitae
959 3935 1022 3974 non
1043 3911 1214 3976 numeravit

9 4003 11 4074 ἕ
118 4021 221 4063 annos.
250 4004 410 4084 Dynsstiaa
422 4005 614 4086 Aegyptiacus
628 4005 713 4066 foede
728 3999 889 4078 mutilavit,
911 3997 1009 4062 debita
1020 3999 1104 4077 regni
1117 4002 1212 4060 aetate

10 4087 11 4138 ἓ
118 4087 248 4166 privavit
262 4083 441 4175 ephaphim
463 4091 652 4172 Aegyptium.
692 4087 799 4167 Ingens
824 4085 939 4148 eiusde
957 4083 1213 4166 Assyriorumre·

157 4267 355 4342 attho-2³⁶·
424 4271 617 4342 annuae
684 4269 1016 4352 munirem„
1083 4263 1217 4392 aar&

190 4338 222 4396 ⁷⁸
241 4347 356 4416 “aar
407 4341 607 4412 munau.
656 4339 706 4410 aa)
720 4337 838 4396 emma.
851 4333 983 4410 man.
1034 4335 1080 4402 ro)
1094 4337 1159 4405 ng.
