2888 4714
392 355 452 424 ΕΤ
472 353 824 430 Annornulonns.
1071 347 1147 424 496

66 514 127 596 ipse
137 510 295 575 moniiests
306 511 488 576 revelatione
504 513 660 593 praedicit.
699 513 812 576 'l'extus
825 519 877 584 70.
890 515 1086 598 luterpretnm
1098 514 1148 575 le·
1212 509 1215 514 ’

65 601 115 678 git
136 601 180 672 εἰς
202 595 333 681 insonis
353 597 474 680 ἡμερῶν
492 593 671 678 ἐνενήκοντα
678 642 687 674 ,
706 600 758 662 sul
778 597 881 664 ἑκατὸν
904 599 1035 683 ἡμέρας,
1055 609 1148 682 prout

64 703 132 744 cum
146 683 335 744 Theodoroto
357 685 500 761 Georgius
521 693 623 742 noster
642 685 789 746 exscribit.
831 685 963 746 Annotst
980 685 1149 766 Polychro-

62 770 137 830 nius.
160 764 229 832 ἀλλ’
241 770 356 844 ἔνδοσις
374 766 502 848 περιέχει
520 763 714 848 ἐνενήκοντα,
735 767 786 829 scol
807 767 912 832 ἕιιοεὸν
926 769 1048 854 ἡμέρας.
1076 771 1148 830 Ori-

62 872 148 932 genes
167 855 205 912 do
223 865 352 934 utroque
368 871 503 912 numero.
532 845 588 914 ονίι
604 847 775 932 α’γνοοῦμεν
795 849 844 928 nl,
866 853 984 930 scribit,
1004 852 1071 918 τινᾶ
1087 860 1150 918 τῶν

63 933 255 1020 ἀντιγράφων
271 939 347 1020 ἔχειν
368 933 474 1000 inscio
490 934 542 998 sol
556 930 740 1015 πενοήιιονια
761 934 889 1018 ἡμέρας·
909 935 961 1000 scol
973 936 1010 999 cci
1025 941 1149 1003 πλείονα

62 1020 94 1084 δὲ
109 1021 290 1104 ἐνενήκοντα
303 1021 354 1084 nol
373 1017 478 1084 inuris
490 1019 611 1102 ἡμέρας.
637 1014 706 1082 in’
719 1015 954 1101 ἐπισκεψάμενοι
971 1019 1025 1099 nlo
1040 1021 1149 1098 locutio

61 1101 193 1182 ἐκδόσεις
209 1104 336 1190 εὕρομεν
349 1106 519 1190 τριακοσίας
531 1105 583 1168 ιια1
597 1098 776 1186 ἐνενήκοντα
789 1103 912 1187 ἡμέρας.
956 1105 1045 1165 Plurs
1056 1106 1148 1183 igitur

61 1195 294 1274 exemplarium,
316 1212 392 1272 quoe
412 1191 492 1250 uidit
507 1191 662 1268 Origenes,
683 1210 842 1250 numerum
858 1191 974 1250 dierum
990 1191 1040 1250 vol
1057 1209 1150 1250 suno·

59 1295 124 1335 rum
142 1281 217 1344 390.
240 1279 350 1354 legere,
373 1275 516 1355 quaedem
541 1279 612 1343 160.
636 1275 752 1335 rariore
773 1280 846 1344 190.
897 1275 1043 1336 Ultimum
1067 1273 1151 1334 hunc

59 1361 197 1421 observet
218 1361 351 1436 Autbor,
373 1361 464 1420 olium
479 1360 604 1420 inferius
626 1361 767 1442 exponit,
789 1361 919 1442 primum
934 1361 1044 1422 omittit
1059 1359 1149 1444 peni-

57 1456 118 1523 tus,
142 1445 196 1506 vol
215 1444 374 1525 ignoravit.

140 1527 218 1593 ‘Tui
244 1523 444 1612 Σνλμοινασᾶρ
465 1526 517 1592 sol
537 1521 625 1608 Ὠσηὸ
649 1521 769 1608 πρώτης
799 1527 1027 1612 σίχμσλωσΙσς.]
1064 1529 1149 1592 ’Πιο-

57 1615 282 1695 glethplrslssor
302 1623 332 1674 et
346 1613 458 1673 Phocoe
475 1613 641 1673 foederatos
655 1613 780 1690 legimus
800 1613 830 1678 4.
842 1617 922 1691 ’Περ
940 1619 990 1680 16.
1007 1625 1037 1675 et
1048 1623 1078 1682 2.
1093 1618 1149 1676 Pa.

57 1701 109 1760 rsl.
129 1704 184 1766 28.
206 1699 306 1758 hostes
320 1717 474 1778 nusquam.
517 1699 703 1756 Sulmonossr
720 1707 819 1757 eutem
842 1697 916 1756 Osee
932 1699 1044 1758 bellum
1061 1699 1150 1760 intu-

57 1785 126 1844 lisse
146 1784 280 1843 referunt
297 1783 370 1842 lisso
387 1803 425 1842 ex
440 1783 471 1848 4.
487 1785 558 1862 Reg.
577 1803 643 1862 cop.
658 1787 710 1848 17.
724 1801 754 1843 v.
768 1785 798 1848 3.
823 1782 937 1842 Contra
950 1783 1031 1842 Ιιειιιο
1047 1780 1148 1864 (Osee)

58 1866 199 1927 ascendit
218 1869 421 1926 Salmanasar
438 1889 488 1925 rex
504 1867 719 1946 Assyriorum,
742 1869 890 1945 etfactus
902 1878 946 1926 est
962 1870 990 1928 ιε’
1005 1869 1077 1928 Ores
1089 1889 1149 1926 ser·

57 1975 130 2030 νιιο,
153 1949 355 2032 reddebatque
370 1953 421 2010 illi
433 1951 559 2016 tributa.
602 1953 782 2012 servitutem
797 1951 965 2012 istiusmodi
978 1962 1066 2012 vocet
1084 1953 1150 2012 Au·

56 2037 129 2096 thor
149 2031 270 2117 spuitur
290 2038 324 2099 ul
361 2039 506 2112 ολωσίαν,
527 2037 708 2116 captivitatis
723 2038 888 2118 primitius,
911 2047 941 2096 et
952 2058 1030 2098 anno
1049 2037 1149 2118 primo

60 2119 140 2179 Osee
154 2121 256 2182 mundi
272 2121 313 2188 47
339 2129 364 2188 l.
384 2122 542 2182 delibutum
558 2121 609 2182 bic
622 2131 735 2182 namot.
779 2121 859 2182 Alios
874 2121 990 2184 sibimet
1006 2121 1149 2186 sdverss-

58 2213 127 2280 tur,
150 2213 178 2264 et
190 2205 303 2266 Phocee
321 2207 406 2268 suuis
426 2212 477 2272 20.
496 2207 567 2266 solis
583 2207 731 2266 concessis
745 2206 881 2268 ultimum
897 2207 974 2268 Osee
988 2208 1027 2268 sd
1043 2205 1154 2268 mundi

57 2291 153 2356 4761.
169 2299 197 2350 et
212 2290 309 2352 schaz
324 2299 373 2360 12.
385 2291 514 2358 coniicit.
556 2291 639 2350 llicto
654 2291 792 2370 superius
806 2292 845 2351 od
863 2313 930 2371 pag.
945 2296 1017 2362 208.
1032 2312 1150 2354 memo·-

57 2373 167 2432 ronds:
188 2394 243 2434 noc
263 2377 425 2454 Georgium
444 2375 542 2437 verios
561 2383 590 2434 et
609 2376 812 2457 discrepantes
835 2395 974 2438 numeros
993 2377 1077 2458 sequi
1099 2375 1151 2440 vel

58 2460 193 2537 prolerre
206 2481 318 2520 norum
333 2471 388 2522 est.

137 2537 210 2608 itus?
227 2549 284 2608 τοῦ
295 2541 416 2626 πρώτον
433 2541 516 2617 1τονς
535 2536 653 2623 binni]
678 2541 719 2604 lt
736 2542 843 2602 mundi
861 2542 955 2610 4761.
977 2543 1149 2621 odiungitur

59 2625 130 2688 Osee
151 2627 267 2708 primus
291 2649 403 2688 sunus:
430 2628 580 2709 Adoptut,
607 2636 644 2688 ut
664 2637 778 2710 potest,
805 2647 866 2688 non
889 2627 980 2709 plone
1005 2628 1149 2688 conciliet

57 2729 195 2774 numeros
210 2714 364 2792 Georgius.

126 2793 213 2872 Ἕως
226 2801 283 2860 τοῦ
296 2799 396 2880 τρίτον
412 2793 495 2871 icone
508 2790 660 2877 Ἰωακείμ]
683 2795 745 2870 Qui
765 2815 783 2854 ε
799 2795 907 2856 mundi
927 2795 1020 2863 4769.
1038 2813 1149 2855 numo·

58 2881 123 2940 retis
144 2887 217 2949 120.
241 2891 286 2942 est
303 2885 395 2950 4882.
416 2901 476 2960 quo
496 2880 581 2940 iuxta
601 2882 809 2942 correctiorem
832 2879 975 2942 Authorio
997 2879 1148 2940 calculum
1163 2890 1198 2952 9,
1212 2893 1248 2953 52

58 2963 166 3026 lorcim
187 2967 293 3028 mundi
311 2967 404 3034 4880.
421 2968 459 3026 ed
473 2985 597 3047 rognum
613 2967 744 3046 promoti
758 2965 877 3026 tertium
894 2965 1025 3026 eiusdem
1038 2965 1149 3026 loscim

60 3068 167 3111 sunum
188 3053 364 3114 obtinemus.
406 3051 499 3110 Notae
519 3050 558 3110 acl
576 3071 643 3130 pag·
659 3057 731 3120 217.
751 3069 869 3110 sensum
883 3048 966 3111 huno
984 3059 1149 3131 exponunt.

59 3133 264 3197 consulendus
277 3135 395 3198 Author
408 3135 442 3196 in
453 3135 514 3196 suis
531 3135 762 3196 correctioribus
781 3135 906 3212 tubulis,
928 3135 1000 3196 clius
1014 3157 1076 3196 non
1090 3135 1150 3194 sibi

60 3231 182 3282 constet.

60 3384 78 3445 d
100 3307 199 3458 4Elr
217 3299 252 3370 so*
273 3297 326 3370 ιδ’.
346 3302 423 3390 λέγει
439 3307 495 3369 soi
517 3296 819 3388 Ναβουχοδονόσορ]
848 3303 915 3366 Ηοο
934 3311 980 3366 est
999 3303 1033 3364 in
1056 3323 1148 3368 mnu·

78 3387 87 3446 ἰ
121 3395 196 3458 912

139 3476 208 3552 Pog.
229 3477 301 3544 230.
327 3478 426 3538 Tuticus
440 3471 473 3538 cl
489 3469 562 3555 μετὰ
581 3470 652 3538 δέκα
668 3471 738 3554 ἴσον]
766 3471 873 3534 Mundi
895 3474 1037 3536 nimirum
1055 3473 1150 3542 4912.

61 3575 148 3638 equo
167 3560 206 3618 od
227 3560 297 3639 Gyri
313 3559 443 3639 primum
460 3559 511 3626 40.
530 3569 678 3639 putentur
697 3557 786 3633 unni,
808 3569 838 3618 et
859 3559 897 3618 sd
914 3581 1003 3640 quem
1020 3559 1073 3618 ulii
1088 3579 1150 3618 no-

61 3657 123 3703 vem
144 3644 260 3724 priores
275 3653 345 3724 post
365 3643 546 3704 destructum
568 3663 646 3703 anno
664 3643 757 3710 4908.
774 3642 925 3704 civitatem
945 3645 1149 3722 interponim-

60 3731 116 3788 tur.
162 3729 257 3802 Quom
274 3730 447 3790 inconstans
465 3729 612 3792 sevarios
631 3730 664 3789 in
681 3725 730 3787 his
751 3728 874 3790 culctulis
890 3727 1034 3807 Georgius
1047 3733 1150 3785 noster

61 3810 109 3870 vir
123 3823 223 3892 potest
240 3813 401 3876 observari.

142 3893 412 3982 Νοβονχοδονὸσορ
428 3893 518 3961 λοιποὶ
534 3889 591 3977 ιε’.]
618 3896 696 3958 Solis
719 3896 753 3956 in
772 3893 934 3958 emendetis
948 3892 1058 3954 tubulis
1073 3890 1151 3954 boec

61 3973 166 4042 babent
188 3984 304 4044 locum:
327 3985 399 4044 ulios
415 3983 533 4044 lucilius
549 3983 661 4044 diceret
679 3980 796 4042 Author
814 4003 832 4040 o
853 3977 960 4038 mundi
974 3977 1068 4046 4912.
1089 3997 1149 4057 quo

61 4077 122 4140 post
140 4069 211 4136 160.
228 4088 321 4128 annos
344 4069 470 4136 atron.
494 4077 665 4129 numeratos
680 4065 856 4126 lsrseliticse
875 4061 1057 4142 captivitatis
1077 4081 1149 4122 me-
1234 4103 1237 4111 .

61 4161 202 4211 moretum
224 4151 374 4212 Ezechieli
391 4172 550 4212 numerum
574 4153 761 4223 obtinemus,
782 4149 821 4208 ed
837 4147 929 4215 4962
952 4145 1148 4225 quadraginin

62 4237 343 4316 commentorium,
366 4256 569 4319 numerusque
587 4241 658 4308 190.
680 4252 827 4296 nouorum
848 4231 1029 4295 columnus
1047 4229 1148 4294 serri-

61 4319 111 4380 tui
129 4322 293 4403 promissus
307 4321 473 4405 periioitur.
