2860 4714
367 385 428 456 ET
449 385 817 470 Annorumonns„
1059 382 1133 460 ³41

57 545 177 609 limitibus
189 541 427 608 circumscribit.
468 541 600 606 Eundem
612 545 720 626 igitur,
743 567 831 628 quam
844 547 890 612 illi
905 545 1136 630 chronologiam

58 633 214 712 depingunt,
235 653 304 692 non
322 631 438 692 invitus
452 631 604 692 nominari
621 633 796 712 assentirer,
824 635 891 714 quis
906 633 1015 694 etenim
1032 655 1136 698 rerum

55 719 100 776 sais
110 717 295 799 temporibus
309 726 456 796 gestarum
468 717 609 778 notitiam
623 725 653 776 et
671 719 781 780 factem
796 720 890 780 verbo
904 728 994 780 tenus
1011 721 1137 800 exposi-

55 803 142 863 tionem
154 825 172 863 a
182 804 339 864 concinna
355 803 570 883 commodeque
583 804 753 863 eurumdem
772 825 826 884 per
841 815 978 885 tempora
991 803 1137 868 distribu-

54 889 118 946 tione
137 899 165 948 et
185 889 394 970 descriptione
412 897 507 970 ponat
524 887 696 948 diveumt
722 889 841 968 Ecquid
861 889 969 950 secreti
988 897 1018 950 et
1034 891 1135 950 arcsni

56 971 230 1052 Chronologia
247 974 397 1051 involvit,
427 973 510 1054 quod
528 973 696 1054 exprimere
722 983 850 1054 nequeat
870 974 1134 1057 chronographia?

54 1058 97 1117 nisi
114 1059 345 1140 Chronologiem
367 1079 437 1120 cum
462 1059 611 1138 Sculigerc
636 1058 750 1138 dicam,
778 1069 809 1120 et
832 1079 901 1120 curn
920 1059 1038 1120 Petavio
1060 1081 1135 1120 cen-

54 1163 126 1220 sum,
147 1165 223 1226 quae
241 1146 407 1206 intervalla
422 1154 606 1226 temporum,
628 1153 659 1204 et
678 1141 787 1224 ἒποχᾰς
808 1145 975 1220 examinat,
997 1154 1090 1204 metas
1105 1155 1135 1206 et

55 1231 173 1290 terminos
186 1231 359 1292 intervallis
375 1230 498 1306 statuit,
522 1239 551 1290 et
565 1249 659 1288 annos
675 1229 804 1310 denique
815 1231 960 1290 collectos
973 1251 991 1288 a
1009 1239 1090 1290 certo
1103 1239 1137 1290 et

54 1311 197 1375 indubitato
213 1317 311 1376 initio
328 1315 365 1375 ad
390 1325 502 1376 certem
520 1315 611 1376 finem
632 1315 786 1394 perducite
813 1324 843 1375 et
860 1313 1137 1396 chronographiam

55 1400 172 1478 subinde,
194 1422 274 1481 quae
288 1400 338 1461 his
347 1401 495 1461 instructo
508 1400 687 1460 rudimentis
700 1401 870 1480 priscorum
884 1403 964 1462 lacta
979 1400 1040 1463 suis
1055 1410 1137 1460 tem-

54 1485 156 1561 poribus
171 1487 326 1566 assignare
339 1485 444 1564 novit,
468 1493 499 1545 et
516 1505 581 1546 uon
597 1484 702 1544 ordine
718 1485 808 1546 modo
827 1486 1005 1566 disponere,
1028 1485 1080 1546 sed
1096 1485 1135 1546 ed

55 1568 161 1631 mntem
186 1591 371 1652 componere
394 1571 485 1632 certis
508 1569 688 1648 argumentis
714 1570 819 1629 edocta
845 1579 898 1632 est.
948 1571 1017 1632 Uno
1039 1569 1133 1630 verbo

54 1673 123 1730 quem
140 1677 239 1717 rerum
256 1667 290 1718 et
304 1656 464 1716 hominum
485 1673 555 1715 cum
570 1663 707 1734 tempore
727 1654 836 1716 certius
853 1655 1009 1716 observato
1028 1657 1134 1726 seriem

55 1738 76 1798 in
95 1741 149 1802 suis
170 1741 335 1803 chronicis
358 1740 499 1802 authores
519 1739 776 1820 contemplantur,
797 1739 921 1800 eandem
942 1739 975 1804 ἐν
995 1741 1072 1826 τῷδε
1091 1745 1135 1828 τῷ

55 1831 177 1907 zumensi,
201 1829 254 1888 vel
276 1827 509 1910 χρονογραφίῳ,
539 1827 603 1886 sive
627 1825 834 1912 χρονογραφίᾳ
860 1825 1004 1906 Georgius
1032 1835 1135 1886 noster

54 1913 156 1989 exponit
161 1959 169 1989 ,
190 1921 273 1973 etex
292 1911 509 1990 chronologiae
523 1911 630 1992 quihus
644 1911 814 1990 frequenter
827 1909 926 1972 utitur
943 1911 1134 1993 praeceptio-

55 1995 124 2056 nibus
136 1998 256 2078 digcrit,
280 2007 312 2059 et
327 1999 361 2058 in
373 1998 453 2057 bono
466 1996 580 2076 lumine
593 1995 734 2078 collocet.

119 2098 284 2184 Aturricus·
298 2094 449 2183 ydoneos?
462 2092 642 2178 imminete]
657 2097 746 2158 Haud
760 2095 866 2158 melius
878 2093 1038 2156 discrimen
1050 2093 1134 2156 istud

57 2203 124 2261 qun
140 2207 175 2246 cx
188 2186 338 2264 Scaligeri
354 2183 527 2264 Peteviique
541 2183 680 2244 doctrine
696 2183 733 2243 de
745 2192 881 2266 tempore
898 2181 1059 2262 percipies.

120 2289 182 2367 l’ag.
204 2295 234 2355 7.
258 2286 337 2350 Elei
350 2283 384 2349 bi
398 2285 433 2348 ei
443 2292 522 2368 τρεῖς
536 2285 702 2370 διαφοραί]
719 2285 824 2354 Trium
838 2285 964 2346 istarum
976 2281 1133 2344 notionum

56 2389 146 2434 menses
167 2374 203 2433 sd
222 2373 359 2434 invicem
382 2371 574 2452 compositos,
592 2391 707 2450 exque
724 2370 853 2430 maxime
865 2369 920 2430 lixi
935 2367 1048 2430 redditi
1060 2375 1135 2428 sunt

57 2460 118 2535 epod
131 2459 309 2539 Aegyptios,
332 2455 458 2538 proprio
479 2456 642 2534 tabulario,
671 2475 710 2515 ex
729 2454 851 2536 Georgii
866 2454 964 2518 nostri
974 2453 1068 2516 Nisau
1082 2472 1133 2513 ea-

57 2553 100 2620 put
110 2545 256 2608 immotum
272 2543 387 2624 ubique
402 2541 587 2624 repetentis,
610 2539 760 2623 conspice.
