2888 4714
272 351 349 428 490
638 350 983 428 EMENDATIONES

272 539 290 579 a
302 515 574 578 Nabuchodonosor
591 533 671 574 anno
684 511 802 595 primo,
823 510 1054 574 adhaerebunt
1043 511 1180 574 invicem
1193 513 1231 574 in
1243 523 1384 596 septua-

271 604 389 682 penaria
410 621 523 662 summa
542 600 642 660 cuncti
665 599 837 680 principum
856 597 948 657 annii
975 598 1259 660 Nabuchodonosor
1276 621 1383 679 regno

271 707 342 746 anm
333 687 406 752 43.
420 687 624 767 imputantur,
644 683 751 745 Evilad
764 681 925 743 Merodach
941 679 1081 781 quinque,
1104 684 1277 763 Niriglesari
1294 695 1373 762 mes,

270 771 405 851 Astyagis
425 769 651 852 septemdecim,
673 769 744 848 Cyri
764 787 861 827 unns.
891 769 1024 828 omnium
1044 789 1158 830 summa
1174 775 1226 836 69.
1252 771 1376 829 conati-

269 858 337 916 tuit.
366 857 450 930 Quae
467 855 648 916 diversitatis
661 853 767 933 origo?
789 851 922 927 Quadra
936 853 1137 914 Hebraeorum
1150 873 1251 932 regum
1265 856 1372 915 later-

270 941 339 1000 culo
357 951 418 1000 tres
437 939 566 1000 loacbim
588 959 701 998 menses
719 937 789 998 anni
811 938 932 998 nomina
954 940 1155 1000 numerandos
1170 939 1240 998 velit
1261 941 1373 1000 Geor·

269 1028 349 1104 gius:
372 1045 432 1106 quo
456 1025 507 1102 fit,
529 1035 564 1085 ut
581 1045 634 1105 per
648 1023 796 1084 Hebraeos
812 1023 962 1103 principes
985 1023 1088 1083 habita
1107 1024 1277 1084 numerandi
1296 1026 1365 1102 ria,

269 1131 331 1170 uno
354 1113 448 1170 maior
471 1119 595 1189 exurgat
621 1109 772 1184 calculus,
800 1127 838 1166 aa
855 1107 925 1166 dum
941 1109 1283 1170 Nabuchodonosorsoli
1297 1130 1368 1168 no-

268 1195 448 1271 vemdecim,
477 1195 675 1254 Hebraeorum
698 1193 807 1272 viginti
830 1203 1044 1272 computantur
1068 1193 1157 1254 anni:
1186 1205 1270 1273 atque
1288 1194 1366 1254 ideo

269 1280 543 1343 Nabuchodonosor
553 1278 735 1359 principium
748 1277 780 1336 in
793 1277 899 1336 mundi
913 1279 1004 1344 4884.
1018 1279 1230 1338 submoveatur
1243 1297 1365 1338 neumae

267 1375 332 1442 est,
361 1363 419 1424 nisi
438 1365 521 1442 regni
539 1365 590 1430 44.
615 1383 728 1441 annos,
755 1361 837 1442 quod
861 1361 1037 1440 absurdum,
1065 1363 1188 1424 Author
1209 1363 1363 1426 concedat.

267 1449 328 1510 nic
350 1457 395 1507 est
411 1447 505 1526 igitur
526 1449 601 1508 alter
621 1447 684 1508 aius
707 1447 942 1529 paralogismus,
964 1449 1013 1508 cui
1033 1449 1203 1528 reparando
1217 1449 1272 1508 alia
1285 1447 1363 1508 mihi

266 1555 330 1594 nou
351 1533 484 1612 suppetit
501 1534 594 1610 ratio,
622 1553 785 1614 quamquo
803 1533 865 1591 eius
877 1532 977 1592 menti
992 1533 1140 1610 vicinior,
1163 1543 1270 1612 quarto
1290 1533 1363 1613 qui-

266 1619 334 1676 dem
348 1619 456 1678 loacim
473 1640 551 1678 anno
568 1619 672 1678 mundi
686 1619 778 1684 4883.
799 1617 936 1676 iudaicae
952 1619 1134 1698 captivitatis
1154 1629 1252 1699 ponat
1272 1639 1362 1678 exor-

268 1703 337 1778 dia,
358 1713 389 1762 at
407 1723 466 1782 quo
481 1705 615 1763 nondum
630 1721 767 1784 suprema
780 1701 856 1779 regia
869 1711 1015 1782 potestate
1033 1704 1229 1762 sublimatum
1254 1714 1367 1764 amarat

269 1787 559 1867 Nabuchodonosor,
580 1789 632 1848 aed
646 1797 730 1868 patre
749 1785 847 1846 adhuc
859 1787 939 1848 inter
954 1788 1039 1848 vivos
1055 1789 1216 1868 superstite
1232 1789 1290 1848 snb
1304 1791 1369 1849 eius

270 1873 412 1932 militasse
433 1874 523 1953 signis
549 1873 691 1949 affir,met
721 1891 814 1950 eoque
837 1881 905 1949 post
930 1893 1038 1932 annum
1068 1873 1121 1952 qui
1146 1873 1252 1932 muudi
1272 1875 1367 1939 4884.

270 1958 414 2020 defuncto
435 1977 604 2041 supremum
625 1958 671 2017 ius
695 1956 729 2014 in
751 1956 913 2014 Chaldaeos
930 1967 957 2017 et
974 1957 1132 2056 inperium
1155 1959 1364 2018 luisseconse-

271 2053 383 2102 cutum.
425 2043 484 2104 Hic
498 2043 639 2104 lathonis
651 2039 864 2120 paralogismus
879 2049 914 2099 ut
924 2063 1042 2140 anceps
1054 2063 1090 2102 ac
1108 2043 1244 2102 incertus
1258 2043 1291 2102 in
1306 2065 1368 2102 na-

269 2139 317 2186 tae
331 2129 493 2206 superioris
506 2127 608 2186 limine
623 2126 659 2182 de
672 2121 947 2188 Nabuchodonosor
955 2147 1058 2208 primas
1066 2127 1212 2205 regnandi
1225 2129 1370 2208 auspiciis
1442 2197 1443 2204 4

269 2211 427 2270 scriberem
441 2211 571 2288 impulit.
607 2211 673 2284 Qua
687 2207 806 2268 tandem
821 2219 884 2268 arte
898 2233 993 2271 annus
1007 2211 1039 2271 in
1056 2212 1274 2272 Chaldaeorum
1287 2223 1368 2272 tem·

266 2293 389 2375 poribus
410 2296 607 2374 supplendus,
637 2293 727 2353 affixo
746 2293 784 2352 ad
801 2293 910 2356 loacim
931 2306 1069 2376 quartum
1085 2298 1185 2378 primo
1202 2295 1364 2356 Nabucbo-
1442 2303 1443 2335 ¹

267 2379 399 2438 donosor
418 2399 511 2458 anno,
540 2381 747 2440 demonstrant
769 2381 984 2442 emendatiores
1008 2381 1048 2442 ad
1071 2381 1214 2443 Authoris
1236 2393 1362 2463 captum

266 2463 395 2522 tabulae.

348 2547 383 2610 ‘0
402 2547 605 2630 Μεγασθένης
626 2547 659 2613 lv
705 2545 774 2614 ⁸6¹.
792 2551 875 2632 saia]
904 2551 1018 2612 Locum
1031 2551 1231 2632 Megasthenis
1244 2550 1366 2632 profert

267 2633 410 2694 Eusebius
434 2635 471 2694 de
498 2635 665 2716 Praeparat
713 2656 797 2716 vang.
818 2637 870 2701 lib
892 2642 921 2706 9.
944 2657 1009 2719 cap.
1032 2637 1083 2706 41.
1104 2639 1199 2698 refert
1223 2637 1365 2717 Scaliger,

267 2729 298 2779 st
308 2739 376 2801 pag
389 2727 489 2780 textus
503 2721 554 2787 41.
568 2741 603 2780 eo
616 2721 745 2783 refercit.

350 2807 418 2884 l’·³g
432 2811 505 2872 222.
525 2799 674 2888 Ὠιιταειῆ
677 2805 687 2886 ]
702 2807 805 2868 Scribe
818 2807 1032 2885 denoosauerii:
1052 2805 1094 2866 ita
1101 2805 1248 2866 exhibent
1260 2813 1362 2865 textus

266 2887 433 2966 Hebraeus,
455 2901 486 2950 et
497 2909 647 2950 versiones
662 2892 809 2969 singulae:
832 2901 901 2973 post
914 2891 1009 2950 lineas
1022 2911 1093 2951 vero
1106 2901 1166 2951 tres
1178 2891 1283 2965 midae
1304 2887 1364 2953 oti·

266 2975 324 3035 roei
336 2984 553 3034 memorantur:
575 2999 600 3036 ιι
594 2977 691 3036 'lilios
705 2995 761 3036 neo
743 2997 809 3054 bes,
834 2995 936 3036 servos
950 2976 1155 3056 interpretare

344 3049 402 3119 Ὧν
420 3055 453 3121 δὲ
474 3053 538 3140 sf’
518 3083 594 3142 αρχη
587 3053 784 3144 διάφορος]
807 3061 987 3136 Quadrant'
978 3081 1011 3119 m
1027 3061 1111 3121 hunc
1126 3063 1229 3122 locum
1250 3059 1364 3142 scripta
1439 3061 1440 3067 ’

265 3140 348 3200 notis
364 3143 403 3202 ad
418 3163 485 3224 pag.
503 3151 575 3212 217.

172 3235 252 3292 V.56
348 3227 417 3306 Peg
438 3233 510 3296 223·
536 3234 597 3294 Τοῦ
614 3222 763 3294 Ἰούδαιί.
782 3227 991 3312 identitatem]
1020 3227 1191 3289 obstrictas
1210 3249 1277 3308 erga
1297 3227 1359 3290 MS.
1438 3277 1439 3313 ,

265 3311 420 3388 religionis
437 3322 467 3372 et
480 3313 548 3372 fidei
564 3335 632 3374 reus
651 3315 763 3396 scripta
784 3315 868 3398 prius
881 3315 914 3373 in
925 3313 1078 3394 prooemio
1095 3321 1216 3394 repeto,
1238 3322 1267 3372 et
1284 3331 1358 3373 ιιι·

266 3413 334 3456 ιιιιι
349 3397 497 3457 scribendi
512 3419 622 3478 poenas
638 3401 770 3461 exsolvo.
805 3399 982 3462 Eommdem
996 3398 1180 3459 verborum'
1170 3399 1287 3460 iteratio
1303 3417 1359 3456 ex-

264 3480 410 3561 scriptum
433 3483 532 3560 potius
553 3505 569 3542 a
585 3485 738 3562 Labrarro
761 3505 851 3565 quam
864 3485 974 3544 editum
994 3484 1031 3542 ab
1049 3482 1186 3544 Authore
1203 3505 1279 3564 opus
1299 3503 1359 3542 ms-
1437 3451 1438 3557 4

264 3565 394 3628 nitestat.
422 3565 477 3627 Vel
492 3567 608 3628 Author
623 3569 773 3650 seipsum,
795 3569 934 3630 relidam
948 3571 1054 3629 iterato
1069 3567 1226 3630 Librarius
1243 3567 1358 3630 ιιιιτί-
1436 3617 1437 3656 4

264 3649 327 3712 bita
348 3651 472 3731 quod
443 3673 584 3714 nimirum
595 3662 678 3712 extat
691 3676 756 3758 pag
772 3659 843 3721 219
1436 3659 1437 3666 ’

347 3738 417 3817 Pag-
440 3739 511 3806 225
530 3731 604 3802 ’Λιιὸ
619 3743 677 3801 rori
699 3733 748 3803 ια’.
768 3739 853 3815 ἔτους
872 3738 1030 3814 Σεδεκίαν,
1052 3731 1168 3818 κόσμου
1195 3735 1229 3802 dl
1250 3730 1358 3824 W]
1434 3695 1437 3801 l

263 3819 311 3882 Δι
320 3841 381 3882 non
389 3823 526 3882 Sedeciaa
540 3823 669 3922 primam
681 3823 712 3882 in
721 3825 824 3884 mundi
836 3825 928 3892 4896.
941 3823 1067 3882 coniecit
1079 3822 1199 3883 Autbor
1209 3843 1277 3920 pap,
1286 3825 1355 3888 223.
1435 3881 1436 3900 4

262 3915 298 3964 ut
310 3909 382 3985 quid
396 3907 608 3968 undecimum'
599 3931 629 3968 m
641 3909 745 3969 mundi
760 3915 852 3976 4906.
866 3930 928 3968 non
943 3907 1102 3967 amandati
1128 3929 1185 3988 pro
1199 3909 1289 3968 variis
1304 3927 1358 3966 co·
1435 3901 1436 3904 '

263 3989 379 4052 dicibua
404 3994 503 4053 varios
523 3993 656 4073 sequitur
681 4013 837 4066 numeros,
859 4005 889 4053 et
911 3993 991 4073 quod
1014 3993 1094 4052 notis
1110 3993 1150 4052 ad
1171 3993 1359 4072 superiorem
1434 4057 1435 4066 4

263 4097 329 4154 pag.
351 4082 422 4148 217
444 4079 632 4140 observatum
647 4079 830 4141 emendatior
843 4079 910 4138 abba
926 4081 1068 4156 loquutus
1089 4097 1202 4138 anunm
1218 4077 1356 4138 Sedeciae
1434 4093 1435 4106 .

153 4207 155 4213 .
263 4161 454 4220 undecimum
478 4165 684 4248 completum
675 4185 707 4223 ιιι
727 4164 831 4224 niundi
850 4165 941 4231 4903.
964 4164 1117 4221 ineuntem
1135 4173 1279 4240 revocat,
1298 4161 1356 4222 boc

262 4254 360 4316 pacto.
405 4246 515 4306 loacim
540 4269 661 4327 regnum
684 4248 854 4330 auspicatur
867 4267 945 4307 anno
960 4249 1053 4313 4331
1070 4255 1100 4305 et
1118 4246 1207 4307 annis
1228 4253 1280 4313 11.
1298 4265 1351 4305 m-
1433 4323 1434 4332 4

266 4333 356 4394 gnata
377 4347 531 4402 successor
548 4333 718 4406 lechonias,
738 4333 805 4394 sive
819 4331 951 4392 inachim
966 4331 1029 4392 adit
1043 4351 1121 4390 anno
1136 4333 1231 4398 4392.
1250 4329 1300 4390 sed
1319 4334 1348 4386 et
