2888 4714
282 339 360 420 ιιι
641 342 990 442 mmsuarronas

283 509 443 572 οιιιοιιιιῖιιο
457 507 583 568 misas:
601 513 631 568 et
645 502 812 574 trusted.
828 503 978 564 Herculea
992 513 1186 564 commas
1202 510 1388 570 monna

281 595 435 656 Antaeo»
455 593 613 672 interficit:
634 591 692 652 Hic
712 611 751 651 err
769 589 909 671 propria,
931 589 973 650 ibi
989 608 1027 648 ex
1043 589 1144 652 aliena
1164 593 1315 652 sententia
1333 595 1392 654 lo-

281 688 405 760 quutum
420 677 579 738 Eusebium
590 677 693 737 nullus
709 675 846 754 ambiget.
883 673 1011 752 Georgia
1026 673 1167 734 nonnihil
1186 675 1281 736 simile
1293 679 1388 736 acci-

280 764 342 838 dit3
364 771 395 822 et
413 765 571 844 proprium
585 761 706 842 quidem
725 781 845 820 sensum
858 761 1012 840 proferens
1025 760 1185 822 Herculem
1199 762 1287 822 annis
1301 763 1384 830 486.

280 848 408 930 primsm
423 847 630 930 Olympiadem
641 847 836 928 praecessisse
849 863 916 924 pag.
933 843 1002 912 174.
1016 845 1053 907 Δ.
1072 847 1207 927 scripsita
1227 845 1284 906 laic
1295 847 1383 906 alio·

280 953 348 994 rum
363 953 482 994 sensum
497 941 637 1014 sequutus
654 941 685 992 et
696 931 810 1013 pariter
828 949 894 1011 pag.
912 934 983 997 162.
997 939 1028 992 et
1043 934 1116 998 168.
1137 941 1200 992 sote
1210 941 1382 994 sexcentos

281 1037 376 1082 annos
390 1018 501 1078 vixisse
514 1027 626 1078 namet.

367 1103 436 1182 Peg.
460 1109 530 1172 196.
546 1095 585 1164 Ὦ
602 1093 859 1180 Πελοποννήσου]
890 1099 999 1160 Versus
1020 1099 1072 1160 isti
1094 1098 1217 1160 uror-rii
1234 1101 1380 1162 Poeticae

281 1185 380 1268 ignari
395 1209 483 1250 manu
497 1187 596 1248 vitiati
616 1206 685 1245 eum
701 1185 739 1244 iia
754 1185 863 1262 quibus
881 1187 1033 1247 scatebant
1052 1185 1171 1245 mendis
1187 1186 1218 1244 in
1234 1187 1381 1266 praelum

281 1272 389 1336 referri
402 1273 579 1352 nequibant;
602 1269 742 1352 quocirca
756 1269 898 1349 Scaligeri
914 1291 970 1352 epe
987 1291 1053 1352 pag.
1068 1280 1171 1331 textus
1185 1273 1234 1338 87.
1255 1289 1380 1352 expur-

281 1359 341 1438 gati
356 1367 386 1416 et
398 1357 530 1418 restituti
544 1357 695 1434 leguntau.

355 1435 454 1504 Ὅθεν
468 1439 519 1503 ael
532 1447 595 1515 τοῖς
613 1438 885 1520 ἔκκλησιαστιιιοῖς.]
903 1437 949 1500 ab
963 1437 1029 1498 istis
1042 1439 1200 1520 propriam
1218 1438 1253 1498 de
1266 1438 1380 1519 Olym.

279 1523 416 1668 pg¹ffibui
433 1525 553 1672 (issacprligii
575 1525 963 1670 opinionerpibreierentilpus
984 1525 1191 1630 uepribendia
1210 1525 1380 1605 prudenter

279 1631 296 1669 a
317 1621 424 1672 smurt
543 1629 591 1672 err
613 1631 643 1670 ss
665 1631 722 1670 neu
769 1631 803 1670 us
825 1631 842 1669 a
863 1629 916 1670 ver
937 1631 961 1668 rs
1008 1632 1066 1672 ονιι
1083 1633 1103 1670 o
1167 1628 1238 1685 σον,
1264 1629 1379 1670 nomen

279 1703 312 1754 et
329 1631 543 1758 authoritatend
557 1632 708 1776 Airicdni,
730 1715 783 1756 ceu
805 1695 842 1755 ab
862 1713 897 1755 eo
917 1654 1015 1776 prilno
1035 1633 1259 1775 prodlewitntibua
1280 1715 1379 1776 prae·-

279 1779 302 1840 fi
321 1780 355 1842 it.

302 1800 320 1859 g
367 1867 437 1946 Psg·
459 1869 530 1934 197.
550 1859 676 1947 Ἡμέρας
687 1855 802 1952 ymeri]
816 1861 929 1938 Quater
940 1861 1066 1945 repetita
1073 1863 1149 1929 865.
1158 1861 1276 1924 dierum
1290 1883 1379 1924 sum·

281 1969 330 2009 ma
347 1951 440 2019 1460.
456 1949 619 2030 componit.
1152 1993 1155 2001 .

367 2032 554 2117 Νυχθήμερα
571 2024 676 2118 Ιιινι1’.]
710 2033 831 2090 Summa
857 2030 949 2100 1417.
974 2028 1064 2090 semel
1084 2029 1252 2107 geminata,
1279 2031 1378 2098 2884.

281 2121 468 2182 solummodo
483 2119 543 2179 dies
560 2115 717 2195 producit:
739 2116 788 2174 cui
806 2115 845 2176 ad
860 2116 1060 2196 reparandum
1079 2115 1154 2174 solis
1170 2126 1202 2174 et
1216 2117 1310 2176 lunae
1324 2137 1378 2175 oc-
1439 2135 1440 2142 ³

281 2224 401 2265 cursum
419 2203 482 2262 dias
501 2199 685 2258 embolimaei
700 2203 751 2266 88.
773 2201 1031 2280 superadduntur5
1052 2219 1092 2258 ex
1114 2199 1225 2280 quibua
1246 2221 1376 2260 consur-
1439 2197 1440 2220 ¹

183 2301 216 2358 Ρ,
229 2299 263 2355 55
279 2296 354 2366 gunt
367 2296 441 2364 quet
455 2286 488 2344 in
501 2283 682 2344 octoeteride
694 2285 786 2346 celari
802 2285 865 2346 dies
879 2290 973 2356 2922
985 2305 1100 2346 meuses
1113 2289 1170 2356 99.
1189 2285 1373 2348 emmaum

278 2371 341 2434 huc
354 2369 467 2432 Patavii
482 2369 534 2431 lib.
554 2375 584 2437 1.
599 2369 701 2449 Temp.
716 2369 868 2430 Doctrina.

367 2448 456 2520 Τοῦτ’
466 2453 546 2518 ἔστιν
559 2449 621 2517 dod
636 2457 692 2518 τοῦ
705 2450 757 2534 με’.
774 2455 858 2530 ἔτους
870 2449 989 2534 Ὀζίον]
1011 2454 1070 2514 Tot
1092 2454 1210 2514 mendis
1223 2475 1239 2514 a
1252 2473 1370 2514 merno-

279 2550 346 2605 rato
360 2541 498 2622 superine
515 2538 665 2621 Aeschylo
682 2541 720 2598 ad
740 2537 832 2616 haec,
854 2559 930 2620 quae
950 2539 1160 2614 illustrantur,
1180 2540 1274 2600 rerba
1296 2561 1372 2600 eon-

231 2697 236 2704 ,
280 2637 455 2709 spurcatum
476 2633 521 2686 eet
543 2625 662 2702 Georgii
684 2625 744 2684 MS.
764 2633 880 2684 utnon
904 2625 961 2684 nisi
983 2645 1100 2684 summo
1116 2625 1220 2684 labore
1234 2635 1263 2685 et
1279 2626 1371 2685 animi
1438 2665 1439 2668 =

280 2713 463 2786 attentione,
484 2711 572 2770 etiam
586 2707 717 2769 adhibita
734 2709 874 2788 Scaligeri
891 2729 957 2790 pag.
970 2713 1023 2775 37.
1042 2709 1237 2788 castigatione
1257 2710 1371 2788 integre
1438 2717 1439 2737 ¹

279 2798 414 2879 potuerit
429 2795 586 2857 emendari.
628 2795 745 2854 Proetat
757 2795 791 2854 in
804 2803 891 2854 textu
903 2794 1033 2854 fideliter
1044 2795 1163 2854 reddita
1176 2795 1366 2875 depravatio:

278 2883 365 2942 cuiue
376 2881 550 2962 expurgatio
566 2879 780 2958 subiungenda.
800 2883 861 2942 atio
876 2877 909 2941 di
922 2875 1004 2960 oapi
1015 2886 1079 2954 τοῖς
1090 2874 1260 2960 Ἀθηναίοις
1278 2877 1369 2962 (scri-

277 2965 329 3026 bat
341 2967 393 3044 qui
406 2968 489 3026 volet
501 2961 636 3045 Ἠλείοις)
645 2957 854 3044 Ὀλυμπιάδων
868 2957 1080 3044 ἀνεγράφησαν
1091 2967 1273 3028 metroviam
1287 2959 1368 3046 epsy'.

264 3045 384 3130 χιόνοι,
406 3049 500 3114 ἔτεσιν
520 3045 619 3135 Jgod'·
636 3043 813 3130 α’ρξιιμένοις
827 3043 887 3113 sind
904 3053 960 3112 τοῦ
973 3053 1145 3112 καθολικοῦ
1161 3049 1246 3124 ἔτους
1261 3045 1368 3134 duri.

251 3152 255 3171 ’
279 3133 402 3207 tortae
413 3129 509 3217 ,εψιῇ
530 3129 616 3198 τοῦτ’
632 3133 710 3197 ἔστιν
732 3127 791 3197 daed
807 3137 865 3197 τοῦ
881 3129 936 3214 με’.
959 3133 1043 3209 &eug
1055 3129 1163 3209 Ὀζίου.
1206 3135 1298 3195 Oriae
1318 3157 1366 3195 re-

278 3217 956 3365 ttttidtttt‘·tititttittttlt
969 3219 1364 3366 iiiiiifflimdi‘

528 3349 535 3365 ·
895 3349 905 3380 ι

277 3387 352 3448 bena
368 3407 434 3468 pag·
454 3391 523 3456 199.
543 3390 577 3452 B.
599 3385 701 3472 πρώτη
713 3383 873 3468 Ὀλυμπιοὶς
891 3385 1002 3472 ἤρξατο
1017 3384 1183 3464 ttar'ottov
1197 3385 1249 3472 με’.
1270 3391 1366 3450 Euae-

278 3471 361 3532 bium
374 3472 492 3533 demum
508 3473 640 3534 Iostham
656 3475 786 3556 tempori
804 3473 924 3534 eandem
939 3475 1032 3534 serius
1046 3475 1245 3536 ascribentem
1262 3495 1365 3558 repra·
1436 3501 1437 3508 ¹

278 3557 385 3619 hendit
398 3559 496 3618 verbio
514 3560 711 3637 sequentibus.
752 3559 839 3620 Ozias
853 3567 961 3638 autem,
982 3559 1086 3620 scribit
1100 3559 1161 3636 ille,
1182 3561 1293 3640 regiam
1306 3581 1363 3641 po-

278 3653 417 3706 testatem
431 3663 448 3703 a
464 3643 570 3702 muudi
590 3643 683 3703 natali
697 3665 776 3704 anno
791 3645 884 3712 4682.
900 3645 1038 3726 adeptum
1063 3665 1156 3725 eaque
1178 3645 1230 3713 45.
1252 3647 1362 3726 potitur

278 3730 365 3790 annis
379 3729 483 3790 mundi
496 3729 589 3796 4726.
604 3727 730 3810 primam
750 3729 956 3810 Olympiadem
972 3730 1088 3790 audivit
1102 3731 1267 3793 numerari.
1301 3731 1364 3790 Po-

279 3815 336 3876 sita
352 3813 525 3876 huiusmodi
544 3813 754 3894 Olympiadem
770 3815 930 3895 epocham,
950 3824 1018 3896 post
1032 3819 1104 3882 989.
1121 3835 1235 3892 annor,
1256 3816 1362 3895 qsribua

279 3899 401 3960 ducenti
414 3899 607 3979 quadraginta
628 3907 657 3960 et
674 3911 744 3960 octo
766 3899 967 3976 Stadionicae,
985 3901 1120 3979 intellige
1141 3919 1248 3961 curam
1267 3911 1364 3960 certa·

278 3985 453 4064 suinumque
473 3985 617 4063 victorae,
646 4005 778 4045 consono
801 3985 1013 4065 olympiadum
1028 4005 1161 4046 nummo
1185 3987 1364 4063 claruerunt,

278 4069 364 4130 nullo
386 4071 505 4149 negotio
526 4091 640 4130 summa
657 4070 751 4138 6717.
775 4091 920 4130 annerum
948 4069 1086 4130 advenit:
1110 4070 1283 4132 maximesi
1306 4081 1364 4132 tres

250 4206 252 4214 .
279 4173 372 4213 annor
386 4165 510 4216 octavae
524 4177 616 4236 supra
636 4156 887 4236 quadragesimam
909 4165 940 4215 et
957 4155 1190 4216 ducentesimam
1209 4157 1363 4237 complen-

279 4235 334 4294 dae
354 4238 526 4319 Olympiadi
548 4241 700 4302 adieceris.
731 4261 799 4301 cunr
817 4241 868 4320 qui
890 4241 963 4308 248.
985 4239 1151 4301 victoribus
1172 4240 1360 4302 numerandis

278 4327 351 4394 suut
367 4323 438 4382 satis
452 4321 523 4382 anni
541 4325 614 4394 989.
635 4325 864 4408 olympiadibus
885 4325 1013 4386 totidem
1032 4344 1095 4388 nou
1121 4325 1291 4404 sufficiant,
1309 4321 1358 4384 aed
