2960 4716
295 379 347 452 22
678 384 722 457 G.
742 383 787 454 G.
807 385 1016 459 BREDOVH

289 577 292 588 ·
359 545 456 605 Tanto
479 563 553 606 vero
582 541 682 606 studio
705 543 851 623 Georgius
871 544 1040 606 versionem
1070 557 1205 622 gramm
1224 542 1395 606 Hibliorum

296 631 447 710 sequitur,
469 639 502 689 ut
517 651 579 689 non
598 633 663 689 sins
682 630 733 688 ira
752 649 801 688 eoa
814 629 1028 710 reprehendet,
1050 632 1106 709 qui
1128 641 1243 688 textum
1256 629 1396 690 Hebrai-

295 735 367 775 oum
380 726 532 794 sequentes
545 735 596 790 ea,
618 733 695 794 quae
713 714 753 774 ab
770 715 982 794 interpretibus
999 717 1122 794 graecis
1139 713 1252 772 additu
1265 715 1395 774 esseni-

297 801 438 877 deentnr,
460 801 630 882 negligunt.
672 799 707 860 ln
724 819 788 878 cap.
806 801 859 862 Xl.
877 802 1180 865 Geneseoavers.12.
1199 799 1395 878 Genealogisc

296 885 376 947 ttoes
399 887 434 946 ab
453 884 668 964 interpretibus
689 883 810 944 Graecis
829 885 964 961 Cainon,
990 885 1072 944 filins
1085 883 1289 966 drphsxsdia,
1311 885 1396 944 inse-

298 970 393 1046 ritur3
423 991 491 1030 nam
515 970 548 1029 in
570 979 658 1029 textu
671 969 817 1030 Hebraico
839 969 1025 1050 Arphaxadia
1040 968 1121 1029 filius
1140 978 1184 1029 est
1200 969 1286 1045 Sola,
1308 987 1396 1048 quem

298 1056 478 1200 titt:
490 1053 1395 1218 tttt‘tltlltt.itanttt‘ttitl'ttlttt·

296 1245 389 1303 num,
412 1225 465 1304 qui
490 1234 605 1285 textum
627 1224 805 1284 Hebraicum
828 1225 947 1304 sequuti
970 1235 1058 1302 aunt,
1077 1223 1210 1299 invehit,
1241 1223 1322 1304 quod
1345 1224 1398 1282 di·

298 1310 472 1370 uinissimus
486 1328 607 1388 quoque
621 1310 731 1386 buces,
751 1307 898 1391 όμυρίων
917 1305 1079 1391 Εὐσεβίων
1097 1304 1282 1390 ἆσυγκρίτως
1297 1304 1399 1388 rcqoii-
1466 1319 1467 1370 ἶ

299 1417 377 1476 gur,
398 1395 432 1454 in
455 1395 553 1475 capite
570 1394 662 1454 tertio
685 1393 782 1454 uncti
797 1395 949 1474 Evangelii
968 1415 1046 1455 vers.
1062 1399 1114 1460 86.
1136 1393 1250 1452 Cainan
1273 1391 1399 1473 Arpha·
1466 1409 1467 1442 2

299 1479 388 1540 xadis
404 1478 522 1557 filium,
542 1479 827 1540 decimumtertium
843 1481 880 1541 ab
897 1481 1010 1539 ddarno
1028 1487 1181 1539 numerat:
1203 1497 1270 1559 pag.
1285 1479 1335 1544 54.
1351 1477 1398 1554 A,

299 1585 330 1646 p·
348 1569 398 1630 80.
417 1563 470 1641 A„
491 1587 522 1646 p.
540 1570 592 1630 92.
614 1565 646 1626 G.
664 1564 700 1624 D.
708 1609 718 1641 ,
738 1585 769 1644 p·
790 1568 860 1633 115.
874 1564 909 1627 d.
925 1565 977 1642 Β..
998 1585 1028 1645 p·
1051 1568 1122 1632 168.
1142 1565 1196 1639 D„
1219 1583 1249 1644 p.
1271 1567 1341 1628 169.
1363 1563 1401 1626 Β.

298 1647 418 1710 Etenim
440 1649 466 1708 ai
486 1648 593 1710 nullibi
609 1669 719 1708 nomen
736 1649 843 1710 Gainse
862 1650 1018 1709 inventum
1033 1659 1124 1726 easet3
1146 1647 1228 1708 unde
1248 1647 1322 1706 lecti
1342 1665 1401 1726 per

301 1753 404 1795 omnes
415 1733 562 1793 Ecclesiae
571 1733 753 1794 Christianae
770 1734 866 1796 sancti
878 1735 948 1796 libri
962 1736 1110 1794 Geneseoa
1123 1735 1259 1811 (graecos
1274 1729 1401 1810 cogitat)

301 1819 389 1878 illum
409 1819 574 1898 promunt'l
603 1819 685 1878 unde
701 1820 812 1896 Lucra,
833 1819 965 1879 cuiusvis
985 1820 1106 1879 divinae
1124 1818 1329 1895 humanaeque
1342 1837 1404 1874 ss·-

301 1903 432 1985 pientiae
451 1903 568 1985 peritus
584 1905 617 1962 in
635 1904 796 1981 Evangelio
818 1923 873 1962 auo
893 1903 1018 1984 posuitl
1051 1905 1144 1980 „Non
1159 1901 1283 1962 dubium
1298 1901 1326 1959 ei
1341 1911 1400 1977 est,

302 1988 377 2069 quin
399 1988 432 2048 in
448 1999 587 2050 accurate
603 1987 761 2068 descriptis
783 1989 935 2049 codicibus
948 1989 1103 2048 Hebraicis
1117 1985 1166 2067 (lv
1181 1991 1245 2061 τοῖς
1265 1980 1403 2067 ἠκριβω-

301 2072 403 2156 μὲνοις
422 2077 484 2138 cciv
498 2067 705 2170 ἀντιγράφων)
720 2073 838 2132 numeri
851 2073 1006 2153 legantur,
1029 2093 1086 2153 qua
1099 2073 1216 2133 ratione
1229 2071 1292 2152 ipae
1304 2091 1403 2130 annos

302 2167 464 2238 computet.
484 2189 527 2204 -
552 2158 763 2235 Cognoscrmus
778 2177 816 2218 ex
838 2155 887 2220 his
903 2159 994 2234 locis,
1020 2158 1180 2236 Georgium
1196 2159 1231 2216 in
1245 2156 1404 2234 exempla-

301 2242 386 2305 ribus
408 2241 467 2302 suis
481 2241 635 2320 Evangelii
651 2243 748 2302 Lucae
761 2262 872 2303 nornen
892 2245 998 2303 Gainae
1014 2242 1138 2322 legisse,
1157 2259 1254 2322 neque
1275 2239 1404 2322 dubita-

301 2327 345 2387 tio
361 2327 541 2386 decoritate
556 2326 693 2386 lectionis
709 2336 790 2386 mota
804 2328 894 2388 fuisse
910 2327 1040 2391 videtur.
1081 2327 1117 2387 ln
1132 2345 1194 2386 uno
1210 2326 1332 2405 quidem
1346 2345 1405 2385 co-

302 2411 370 2470 dice
386 2411 421 2472 N.
443 2412 496 2486 T.,
526 2411 798 2490 cantabrigiensem
817 2413 910 2472 Besae
933 2414 1017 2489 dico,
1048 2431 1159 2472 nornen
1177 2411 1285 2470 Cainae
1306 2409 1403 2486 abest,

302 2505 333 2557 et
350 2495 491 2556 nonnulli
506 2495 662 2558 doctorum
675 2496 831 2574 dubitent,
846 2517 947 2557 annon
956 2499 1083 2558 fortasse
1096 2519 1114 2556 a
1127 2495 1251 2556 casteria
1266 2495 1404 2554 librariis

302 2581 454 2641 codicibus
475 2582 511 2641 N.
526 2582 561 2644 T.
576 2586 721 2641 insertum
740 2582 792 2642 sit:
812 2583 846 2641 in
860 2583 998 2642 omnibus
1011 2603 1083 2644 vero
1101 2579 1256 2642 codicibus
1275 2588 1405 2660 septua-

302 2666 385 2745 ginta
404 2666 606 2746 interpretum
626 2665 752 2745 legitur,
769 2663 811 2750 ιι)
833 2665 950 2746 iamque
973 2665 1106 2746 Originis
1121 2673 1216 2726 estate
1234 2663 1404 2742 legebatur,

304 2771 411 2830 aquo,
433 2753 515 2830 quod
532 2752 697 2832 Procopius
721 2752 853 2812 Gaaaeos
873 2761 1016 2828 testatur,
1035 2753 1069 2811 in
1086 2749 1230 2828 Hexaplia
1245 2749 1329 2808 obelo
1346 2769 1408 2809 no.

303 2844 384 2894 tatus
404 2837 478 2912 tuin
509 2857 570 2897 non
590 2847 708 2911 autem,
737 2855 827 2914 quam
848 2837 1051 2895 coniecturam
1072 2834 1144 2892 inde
1165 2833 1275 2912 aliquia
1295 2851 1408 2914 capere

302 2929 421 3002 posset,
451 2921 533 2998 quod
557 2941 575 2979 a
600 2919 774 3000 quibusdam
796 2919 1016 2999 exemplaribus
1037 2917 1149 2996 graecis
1173 2917 1318 2994 abfuerit,
1347 2919 1408 2978 aed

305 3003 390 3083 qnod
408 3005 440 3061 in
453 3004 608 3066 Hebraicis
628 3004 776 3064 nonfuit.
800 3005 861 3066 Cir.
879 3003 1008 3083 Originis
1029 3005 1225 3064 commentar.
1244 3002 1278 3062 in
1293 3002 1406 3065 nant.

305 3089 389 3150 Tem.
402 3087 426 3148 l.
442 3110 471 3170 p.
485 3093 559 3156 381.
583 3121 621 3136 -
645 3087 732 3148 Unde
750 3098 850 3149 autem
866 3109 973 3150 versus
989 3089 1042 3148 ille
1057 3109 1121 3169 cap.
1140 3093 1189 3154 11.
1205 3089 1354 3148 Geneseoa
1371 3089 1407 3147 in

305 3173 474 3234 versionem
493 3193 627 3251 graecam
647 3173 848 3253 subrepserit,
868 3193 929 3234 non
951 3173 1083 3254 reperim
1115 3191 1186 3232 nam
1207 3171 1244 3231 ab
1261 3171 1407 3233 omnibus

307 3259 460 3319 codicibus
482 3257 653 3334 Hebraicis,
675 3257 729 3336 qui
749 3258 835 3320 nobis
856 3268 1032 3340 supersunt,
1057 3276 1190 3338 quosque
1205 3258 1321 3336 antiqui
1335 3277 1409 3318 nse-

305 3353 443 3419 morant‚
470 3343 561 3402 abest.
610 3341 809 3416 Quomobrem
833 3345 961 3422 Georgio
982 3343 1154 3423 neutiquam
1168 3343 1324 3418 assentiar,
1347 3339 1408 3406 edu

286 3467 288 3472 ·
304 3421 459 3509 Hiotdsov
470 3421 674 3506 σφάλλεσθαι,
694 3431 737 3510 τῷ
747 3427 896 3514 Ἑβραΐκῷ
909 3423 1084 3512 ἄντιγρᾶφῳ
1106 3431 1211 3512 sosqi
1230 3421 1408 3508 ἀκολουθή-

304 3530 416 3590 σαντα,
439 3531 506 3593 pag.
520 3517 571 3578 79.
589 3511 643 3573 D.=
667 3511 722 3572 sed
735 3533 830 3594 quum
843 3523 945 3574 textus
960 3513 1124 3573 Hebraicus
1138 3514 1251 3594 primus
1266 3513 1334 3571 iona
1348 3521 1407 3587 est,

304 3617 345 3656 ex
368 3617 429 3678 quo
452 3595 574 3656 haurire
595 3596 756 3675 debemus,
777 3618 845 3658 sum
866 3599 967 3680 potius
984 3598 1068 3677 sequi
1088 3615 1208 3658 necesse
1228 3605 1290 3672 eat,
1313 3617 1409 3676 quam
1466 3655 1467 3660 ,

304 3681 421 3744 rivsslos
439 3681 511 3742 inde
533 3679 697 3759 deductos,
727 3703 862 3765 quosque
884 3684 989 3744 alienis
1010 3681 1221 3744 additamentis
1245 3691 1408 3762 corruptos

341 3833 389 3902 11)
404 3831 435 3886 In
447 3848 498 3886 uno
510 3829 601 3886 oodioa
613 3835 671 3888 coir
687 3829 722 3900 o',
739 3849 813 3903 qoem
834 3833 961 3890 liebertus
977 3834 1083 3890 Holmoe
1098 3849 1204 3888 numero
1222 3833 1258 3887 82
1274 3829 1331 3884 desi
1352 3836 1408 3896 nat,

374 3905 454 3971 atque
466 3901 624 3955 inversione
634 3903 799 3967 Anneniacs,
816 3919 890 3972 quam
910 3919 961 3956 non
973 3921 1005 3955 ex
1018 3899 1169 3966 Hebraicis,
1185 3917 1302 3956 verume
1348 3917 1409 3954 rae-
1466 3869 1467 3950 l

374 3971 413 4024 cis
429 3968 560 4024 codicibus
576 3972 742 4042 septuaginta
762 3971 930 4042 interpretatu
948 3970 1128 4040 postCl1r.n.
1150 3971 1245 4022 iactam
1265 3983 1325 4022 esse
1344 3985 1410 4023 eon·
1466 3967 1467 4030 Ῠ

375 4037 1409 4163 'ttttettttttrti.‘titfftlttttttttttt‘rll?
1466 4055 1467 4070 '

376 4175 482 4232 Oxonii.
501 4179 576 4234 1798.
611 4177 695 4231 Unum
710 4178 738 4232 in
751 4179 802 4231 hoc
817 4194 896 4247 opera
910 4177 1104 4246 diligentissimo
1122 4185 1201 4246 atque
1218 4175 1409 4243 elegantissimo
1466 4171 1467 4250 1

375 4244 510 4310 desidere,
547 4243 598 4298 nod
610 4246 715 4299 Holrnsa
727 4247 791 4299 nihil
807 4263 913 4316 prorsus
930 4247 1062 4329 praelatus
1078 4251 1133 4312 est,
1151 4251 1273 4317 quantum
1288 4243 1409 4298 auetori-
1466 4255 1467 4320 j

378 4313 441 4394 tqtis
459 4313 481 4365 si
545 4311 568 4367 ia
585 4315 717 4368 codicibea
736 4315 898 4368 tribuendum
917 4325 969 4382 ut,
988 4331 1041 4388 qno
1056 4315 1158 4370 saeculo
1176 4317 1204 4370 et
1218 4328 1236 4366 a
1248 4330 1299 4384 quo
1317 4313 1412 4382 scripti
1466 4321 1467 4378 1

380 4389 449 4445 unte
466 4395 542 4451 quarn
558 4383 732 4438 recursioneus
744 4393 892 4455 sequautur.
