2888 4714
411 355 469 426 Et*
489 355 841 428 ANNOTATIONES.
1090 349 1166 424 487

70 511 267 576 desolationie
282 513 341 594 egit
353 513 523 590 Sabbatum,
545 515 727 594 nequedum
744 465 967 599 complerentur
981 509 1167 599 septuaginta

72 601 149 660 enni.
197 599 287 673 Quod
313 601 357 659 aic
379 601 513 680 equidem
539 599 765 678 intelligendum
790 613 882 683 puto,
910 603 995 684 queei
1015 613 1061 665 lot
1081 605 1166 666 enuia

68 693 146 744 terre
173 683 318 746 manserit
338 685 466 760 inculte,
495 693 570 763 quot
594 704 686 744 ennoe
712 687 883 748 Sabbatiooe
903 689 1003 748 ludaei
1025 709 1043 748 e
1065 689 1164 770 primo

66 779 164 828 terrae
181 769 407 830 chanaanitidis
422 770 558 847 ingreeeu
574 769 723 830 celebrere
737 772 940 850 neglexerant:
962 783 996 833 ut
1008 772 1082 834 haec
1101 774 1166 854 ipae

66 847 287 934 eeptuegenerii
300 854 418 914 numeri
429 853 517 914 totiee
528 854 710 914 recurrentia
723 856 912 916 concinniter
921 877 1059 936 maguum
1067 858 1166 922 vido-i

66 941 161 1018 poeait
178 939 330 1000 iudicium
347 947 482 1020 repertae
497 938 641 998 veritetie.

148 1026 345 1104 Στοιχείωοις
359 1017 510 1105 incidie]
535 1021 623 1083 Haud
642 1017 770 1106 οἷνριβῆς
785 1043 861 1104 quae
879 1023 1074 1106 paralogismo
1090 1027 1165 1088 uiti·

66 1117 122 1167 tur.
143 1107 228 1168 Vide
240 1108 434 1190 penultimam
450 1119 563 1170 notem.
592 1107 769 1169 Emendatio
786 1127 877 1190 porro
891 1107 1009 1168 numeri
1025 1105 1056 1173 e'.
1070 1109 1104 1170 iu
1118 1106 1164 1195 ιγ’.

65 1193 219 1272 probetur
240 1193 275 1252 in
300 1193 448 1254 enuotetia
469 1193 508 1254 ed
527 1193 621 1275 ipeiua
648 1195 743 1254 Oniee
770 1193 927 1256 hietoriem
947 1211 1017 1275 pag·
1038 1199 1111 1262 277.
1132 1195 1165 1257 C.

65 1287 295 1340 occurrentem.

147 1365 225 1442 Pag-
246 1366 317 1429 218.
345 1361 490 1444 Ίίοοαρες
506 1355 686 1446 γεγόνασιν]
714 1362 760 1424 lte
771 1363 861 1422 lectio
876 1371 1018 1444 corrupta
1030 1361 1165 1424 renitui-

65 1455 112 1507 tur
128 1468 172 1508 ex
193 1454 223 1512 1.
246 1447 343 1508 Perel.
365 1469 430 1529 cap.
449 1453 480 1515 8.
501 1469 532 1508 v.
555 1448 604 1513 15.

144 1532 185 1678 ‘ig
208 1531 262 1595 ecl
280 1525 436 1616 Ἰεχονίας]
457 1533 538 1594 Haec
554 1551 621 1592 cum
634 1551 726 1614 aupre
740 1529 846 1613 poeitia
859 1551 926 1612 peg.
942 1535 1012 1601 216.
1027 1532 1063 1593 l).
1078 1552 1163 1594 com-

133 1639 157 1678 n
183 1637 213 1678 ο.

63 1637 231 1766 maweu
242 1701 340 1788 τρίτῳ,
363 1700 419 1776 duc
431 1704 487 1765 roei
500 1695 631 1785 ὄγδοον]
653 1700 720 1776 Qua
736 1699 835 1778 tertio,
849 1719 909 1778 qua
922 1709 1030 1780 quarte
1043 1700 1161 1764 scribite

65 1789 154 1848 tertio
171 1787 316 1846 nimirum
334 1787 493 1868 completo,
515 1795 545 1847 et
562 1787 684 1847 ineunte
700 1796 817 1866 quarto.
851 1785 952 1844 Altera
970 1785 1050 1846 liuee
1071 1799 1163 1865 eupe'-

64 1873 162 1944 nore,
192 1867 270 1934 uerri
289 1867 322 1934 ed
341 1871 496 1952 τέταρτον·
531 1870 583 1931 lnie
605 1871 662 1936 ἔτει
683 1873 779 1952 τρίτῳ.
825 1869 983 1930 Adeundue
1003 1869 1113 1930 clarior
1134 1879 1164 1931 et

66 1956 253 2018 emendatior
268 1965 368 2016 textue
385 1977 450 2037 pag.
469 1962 543 2024 221.
557 1957 589 2016 (l.
604 1965 633 2015 et
646 1957 765 2016 tabulae
781 1953 920 2014 Chronol.
935 1975 1002 2034 pag.
1018 1954 1090 2022 476.

155 2041 225 2118 Peg·
245 2045 315 2107 219.
334 2036 525 2124 Ἀααγορεοίει
545 2038 579 2103 di
598 2037 649 2104 ede
666 2033 847 2119 Σαλαθιήλ]
875 2039 972 2098 Locue
989 2047 1162 2122 corruptue,
1175 2041 1208 2099 Ρ.
1224 2045 1259 2100 θ)

70 2132 103 2184 et
122 2123 242 2184 aibimet
257 2126 379 2186 edveree
398 2125 555 2186 continens
575 2123 634 2184 hoc
654 2135 742 2206 pecto
761 2124 940 2185 restituitur.
983 2117 1164 2206 ἀπαγορεύοι

69 2205 105 2272 οὲ
126 2204 179 2272 τὸν
197 2207 353 2288 Σαλαθιήλ
375 2204 435 2276 dmi
454 2212 599 2273 Σελεκίον
618 2213 777 2290 τεχθῆναι,
800 2207 841 2282 νίς
860 2211 1023 2290 dicimini
1038 2213 1082 2294 epi
1099 2213 1165 2294 Θεῷ

66 2286 246 2378 γεγονότος,
269 2287 338 2358 ἄλλ’
358 2289 419 2360 dard
441 2289 588 2374 Ἰααχελμ,
609 2289 647 2356 tv
668 2293 720 2356 ααλ
738 2288 878 2374 Ἰεχονίαν
890 2297 983 2356 καλεῖ.
1027 2293 1164 2356 sedeciae

69 2380 165 2456 enim,
184 2399 240 2439 ceu
256 2379 316 2439 lieo
331 2397 447 2455 exoeua,
469 2381 579 2458 quique
591 2377 624 2436 in
635 2377 817 2457 Babylonem
832 2377 978 2436 abduntur
990 2388 1059 2458 poet
1073 2379 1164 2440 breve

67 2464 210 2544 temporie
232 2465 362 2544 epatium
385 2485 403 2523 e
424 2461 701 2523 Nabuchodonosor
724 2461 841 2522 victore
866 2461 933 2520 neci
957 2462 1088 2522 tenditur
1117 2470 1163 2522 eat
1218 2491 1222 2498 ·

71 2567 136 2607 oum
155 2547 243 2625 liliie,
266 2548 485 2608 euoceeeon'bue
505 2545 614 2608 ceruite
637 2565 731 2627 nepoe
744 2553 841 2605 eutem
860 2545 923 2604 eiua
938 2544 1086 2621 bachim,
1107 2546 1161 2625 qui

70 2643 98 2692 et
118 2633 291 2710 lechoniee,
321 2633 526 2694 novemdecim
555 2631 641 2691 ennie
666 2631 753 2714 priue
773 2631 807 2688 ln
822 2629 1023 2710 ceptivitetem
1044 2629 1161 2706 mieeue,

69 2717 176 2778 liberoa
204 2719 346 2798 reliquit:
383 2727 413 2778 et
442 2717 577 2778 leremiae
604 2717 676 2776 licet
701 2715 738 2776 de
762 2714 816 2774 illo
841 2713 931 2774 fuerit
954 2712 1161 2789 comminetur,

73 2823 131 2882 cap.
152 2810 206 2872 22.
230 2823 260 2866 v.
281 2805 332 2869 30.
375 2802 478 2864 Scribe
498 2805 599 2862 νίναοη
623 2803 716 2861 ietum
737 2799 882 2874 eterilem,
911 2799 1027 2873 virum,
1052 2800 1106 2878 qui
1126 2799 1160 2856 ire

72 2885 175 2948 diebue
188 2891 259 2948 euie
269 2909 328 2947 non
338 2887 583 2968 prosperabitur:
603 2907 657 2946 nec
669 2887 748 2945 enim
764 2887 813 2944 νίν
825 2887 882 2942 erit
902 2881 940 2942 de
957 2884 1067 2942 oenone
1082 2882 1159 2958 ciue,

74 2976 122 3050 qui
144 2971 250 3033 redeat
275 2993 365 3054 cuper
386 2973 500 3032 eolium
519 2970 630 3032 David
646 2981 674 3030 et
689 2979 870 3050 poteetalem
882 2967 993 3028 lrabeat
1008 2969 1041 3026 in
1058 2977 1158 3028 terro:
1225 3023 1228 3037 ,

73 3055 101 3116 iu
112 3077 144 3117 ec
159 3057 339 3118 vaticinium
354 3057 536 3138 completum
551 3065 611 3133 eet,
632 3055 713 3136 quod
728 3055 808 3133 regia
828 3053 972 3132 dignitate
988 3072 1048 3112 non
1069 3051 1160 3114 suerit

75 3152 190 3204 ornatua
205 3141 289 3202 liliua
302 3141 365 3202 eiua
378 3141 548 3219 Zorobnbel,
565 3143 699 3220 quemvie
712 3139 854 3220 praefecti
870 3145 1015 3218 potentete
1028 3137 1158 3198 donatue

73 3226 947 3391 tttlifttnniltltitlnt.lintizi
962 3221 1159 3388 ii'qii'il}

75 3398 200 3476 mentio,
221 3397 329 3502 repbae
350 3393 405 3460 τόν
422 3393 491 3459 atto
507 3389 638 3498 ’ίοοακελμ
655 3389 805 3474 torpete,
825 3388 880 3496 priv
894 3389 946 3454 eni
957 3385 1156 3498 'lexovino-ld·
1175 3431 1178 3436 ·

75 3478 433 3642 tntt'lttttt'lt.
446 3477 1156 3644 ttdlsstfttltltt‘n‘tdtttt

76 3649 362 3722 geminueleohouiae
376 3659 473 3710 mente
486 3644 753 3730 retinendue‚unua
765 3647 815 3727 qui
823 3646 947 3708 loaclrez
959 3645 1052 3706 loeiae
1063 3643 1155 3720 filine,

77 3739 104 3788 et
121 3734 194 3794 alter
213 3736 267 3816 qui
282 3733 411 3796 Ioeclrim
425 3734 506 3794 filiue
520 3733 637 3794 lcecim.
678 3733 736 3792 Hic
752 3732 901 3796 lechoniea
914 3729 1037 3790 ulteriue
1053 3745 1154 3806 nepoe.

155 3821 218 3883 'J'b'd
233 3817 266 3883 di
280 3814 393 3902 κόσμον
407 3812 520 3904 ῥοθεῖ]
541 3819 629 3878 liedit
648 3815 765 3878 euenor
781 3818 819 3875 ed
841 3822 1036 3896 expurgatum
1055 3821 1085 3871 et
1102 3829 1153 3870 ra-

78 3915 140 3976 gum
152 3905 337 3985 temporibue
352 3903 530 3965 concordem
551 3923 695 3964 annorum
712 3901 815 3962 mundi
828 3917 986 3962 numerum
1001 3913 1153 3977 reponen-

78 3981 150 4049 dum.
173 3989 306 4049 Maneeae
320 3989 429 4071 quippe
443 3987 656 4068 quinquaginte
665 3987 797 4066 quinque
809 3983 895 4044 annie
912 3979 1047 4042 emundi
1060 3977 1154 4047 4796.

78 4068 112 4125 td
123 4069 212 4139 4850.
225 4084 383 4154 regnante,
405 4074 494 4134 Amce
510 4071 592 4132 filine
617 4093 634 4131 a
652 4073 743 4139 4850.
756 4069 794 4128 ed
810 4069 902 4135 4852.
916 4085 1040 4144 regnum
1055 4061 1152 4125 tenuit
1167 4069 1199 4125 Υ.
1215 4071 1250 4126 55

80 4149 202 4218 duobua:
223 4169 292 4239 poet
306 4177 393 4239 quem
405 4157 494 4218 Ioaiea
509 4157 594 4217 enuia
608 4161 659 4223 31.
675 4177 692 4214 e
707 4153 812 4214 mundi
829 4153 922 4219 4862.
934 4150 972 4211 ed
986 4150 1080 4218 4888.
1095 4167 1154 4230 quo

79 4231 194 4300 loechae
210 4262 265 4303 rex
279 4243 447 4303 decleratua
463 4241 559 4302 tn’bua
573 4251 689 4301 tantum
704 4236 852 4297 menaibua
866 4236 900 4295 in
914 4255 1023 4296 annum
1037 4242 1156 4315 repnte·

79 4317 113 4378 tie
126 4337 241 4407 eceptrc
262 4328 373 4410 potitae
389 4335 451 4401 eet,
471 4327 576 4388 mundi
590 4323 730 4388 nimirum
744 4323 835 4388 4888.
852 4319 923 4382 huie
935 4319 1075 4383 eucceeeil
1085 4319 1155 4382 lue·
