2888 4714
318 403 319 406 ,
403 335 470 404 ΕΤ·
482 334 832 408 ANNOTATIONES.
1085 333 1160 410 488

69 493 143 552 ditu
156 490 251 560 4726.
263 491 466 554 institutarum
479 491 592 552 decima
606 514 686 556 nona
700 499 821 558 tertiam
838 497 996 560 obeuntem
1009 508 1039 560 et
1050 499 1159 564 ineun-

70 589 133 636 tem
150 587 289 656 quartum
304 579 334 636 in
350 599 462 638 annum
475 578 578 638 muudi
593 579 685 646 4801.
698 581 898 644 incurrentem
914 585 1048 646 sortitur.

152 655 223 739 ’Au'
240 655 277 726 ου’
290 663 339 726 ἐπὶ
359 659 413 724 ον’.
424 657 630 742 Ὀλυμπιάδο]
652 663 916 746 Quinquegesimae
930 691 1022 752 supra
1042 671 1158 732 ducen-

67 747 207 806 tesimam
228 747 413 828 Olympiadis
436 756 559 824 quartus
575 767 671 806 annus
684 749 717 808 in
734 769 845 812 aunum
858 757 963 815 mundi
976 757 1069 823 5725.
1083 756 1161 816 inci·

67 833 138 909 dit,
165 832 278 910 primus
293 833 324 892 in
339 837 432 897 5722.
445 830 477 888 ia
488 833 583 897 6728.
600 833 759 894 secundus.

148 911 305 995 ’Ἄρχοντες
326 909 427 998 Vtrub]
449 915 476 974 A
494 914 601 974 mundi
619 916 712 983 4800.
734 918 860 979 obeunte
873 929 903 979 et
916 923 1008 988 4801.
1030 921 1162 1000 ineante,

65 1021 131 1081 quc
154 999 377 1062 Atheniensium
398 999 490 1058 annui
510 999 698 1078 magistratus
713 1001 861 1082 instituti,
882 1005 919 1064 ad
931 1009 1160 1086 6723.annum,

68 1086 124 1146 alii
141 1087 215 1152 923.
240 1085 311 1144 anni
326 1095 357 1144 et
374 1083 559 1162 magistratus
580 1085 705 1144 totidem
725 1099 937 1168 numerantur,
956 1109 1019 1148 uon
1040 1091 1161 1152 excluso

67 1170 215 1230 nimirum
235 1170 317 1232 illius
334 1169 424 1248 primi
439 1189 528 1248 supra
543 1170 635 1236 4800.
649 1191 736 1232 anno.
764 1174 907 1254 Reposito
926 1175 1017 1254 igitur
1030 1172 1063 1232 in
1076 1182 1164 1236 textu

67 1249 319 1338 anfi-numerus
329 1247 403 1335 «Μ’.
415 1253 599 1315 emendetur.

157 1333 245 1400 Καθ’
265 1335 302 1402 iis
328 1333 509 1418 indracon]
540 1339 645 1399 Mundi
667 1341 758 1408 4800.
787 1342 897 1401 additis
922 1345 996 1409 923.
1019 1361 1164 1406 annorum

68 1423 165 1490 5723.
180 1443 293 1482 summe
311 1422 478 1482 conficitur.
520 1423 557 1484 lu
570 1423 633 1482 aius
646 1425 791 1500 termino,
813 1427 865 1506 qui
882 1427 940 1486 suit
955 1447 971 1486 a
984 1427 1094 1488 Christi
1106 1448 1165 1487 na-

67 1507 175 1566 talitiis
191 1511 261 1574 223.
286 1507 430 1566 Antonini
440 1507 623 1586 Heliogabali
634 1507 748 1585 tertius,
770 1509 955 1589 Olympiadis
969 1515 1040 1580 250.
1054 1531 1164 1574 secun-

68 1595 144 1666 dus,
166 1591 292 1652 Philcuc
305 1591 530 1652 Atheniensium
547 1591 714 1664 Archonte,
735 1594 852 1654 Annius
866 1595 974 1656 Gratus
986 1597 1163 1658 Severianus

67 1687 101 1736 et
122 1677 268 1740 Claudius
285 1677 424 1736 Seleucus
450 1677 644 1736 Consulatum
668 1695 790 1754 gessere.
830 1679 966 1739 Africani
986 1682 1163 1742 sententiam

66 1761 217 1822 Batonius
232 1769 262 1822 et
276 1761 343 1822 aliis
356 1771 532 1841 sequuntur.
575 1761 840 1842 videntissimus,
862 1773 892 1824 et
913 1763 1046 1845 expende
1066 1763 1165 1826 Chro-

67 1847 163 1907 nicou
180 1846 323 1907 Alexand.
339 1845 550 1909 adversarium.

157 1924 223 1992 Ἑνὶ
234 1933 292 1993 του·
306 1927 409 2015 ,εψκγῖ
422 1931 527 2010 ianua]
550 1931 626 1990 Eum
642 1948 754 1992 annum
771 1932 925 2012 speciatim
938 1931 1085 2011 observet,
1106 1955 1165 2014 quo

65 2015 197 2074 floreret
216 2015 389 2092 Africanus,
420 2035 566 2096 quemque
591 2035 628 2076 ex
652 2025 746 2076 astate
770 2026 894 2094 notum,
922 2025 952 2077 et
973 2039 1011 2078 ex
1030 2019 1166 2098 personis

70 2108 194 2158 certum
205 2097 266 2178 ipse
278 2109 456 2160 testaretur:
470 2099 602 2160 Africani
616 2110 717 2160 temen
727 2101 904 2180 legationem
916 2100 994 2162 hanc
1009 2104 1166 2166 insanum

68 2191 258 2260 sequentem,
280 2184 371 2244 idest
385 2185 536 2264 Elagabali
550 2195 688 2264 quartum
703 2185 806 2246 reiecit
820 2186 981 2264 Eusebius,
1003 2188 1085 2268 quod
1098 2209 1169 2250 aum

70 2268 179 2328 forsan
195 2269 231 2324 ab
251 2269 400 2328 Autumno
421 2279 598 2350 praeeunte,
620 2271 674 2349 qui
695 2270 778 2330 tertii
793 2271 830 2330 ab
844 2272 908 2332 aliis
924 2273 1073 2334 numerati
1095 2293 1166 2353 pers

68 2361 207 2414 extrema
222 2361 282 2428 est,
305 2354 438 2414 ordiatur
454 2353 599 2414 scribens.
641 2355 679 2413 Iu
690 2354 873 2414 Palaestina
887 2357 1062 2434 Nicopolis,
1087 2379 1166 2438 quoe

64 2439 161 2516 priua
181 2439 331 2496 Emmaus
347 2439 530 2515 vocabatur,
553 2437 627 2496 urba
648 2436 773 2496 condita
795 2449 856 2516 est,
883 2439 1046 2518 legationis
1068 2442 1167 2501 indu·

68 2525 182 2580 atrium
200 2543 260 2601 pro
281 2543 317 2582 eu
340 2527 519 2604 suscipiente
541 2522 622 2582 Iulio
646 2523 797 2601 Africano
819 2525 964 2600 scriptore
989 2533 1163 2604 temporum.

70 2607 203 2686 Scaliger
216 2615 269 2666 eut
283 2607 499 2688 Typographus
514 2608 653 2666 mendose
667 2605 799 2668 reddidit
816 2628 873 2690 ,eru
891 2601 908 2668 '.
938 2605 1166 2668 Observandum

71 2691 169 2752 obiter
183 2692 220 2752 de
235 2692 446 2772 Olympiadum
460 2702 490 2753 et
505 2691 689 2752 Christianae
701 2711 785 2752 serae
795 2711 850 2772 epo
922 2691 1083 2770 Georgium
1097 2713 1166 2752 cum

70 2775 215 2838 Africano
228 2778 346 2836 nullum
362 2777 470 2836 habere
482 2777 649 2838 dissidium.

161 2865 224 2924 Tou*
241 2860 292 2922 ani
306 2857 507 2944 Αὐγούστου]
529 2861 591 2922 MS.
606 2865 662 2923 rosi
672 2859 724 2924 sai
737 2853 900 2942 Αὕνέντον.
931 2857 1061 2938 Scaliger
1086 2858 1167 2921 idem

72 2945 194 3092 reput
430 2947 568 3090 tue·
579 2967 665 3090 n.
678 2945 758 3090 {it
772 2939 1166 3092 turnines

71 3053 127 3173 biii
140 3053 488 3176 niuoehbhvaiio'ninus
508 3049 661 3195 Augustus
683 3074 837 3191 audiebat,
867 3114 918 3194 qui
946 3073 1164 3193 Heliogabalus,

71 3201 123 3258 vel
142 3199 328 3277 Alagabalus.

155 3279 281 3347 ’Assius
304 3283 323 3348 d
345 3278 519 3363 Matidiae]
547 3282 689 3344 Praemisi
709 3281 843 3342 titulum.
884 3275 1068 3366 Σνοοροὶᾱην.Ι
1095 3283 1167 3363 legit

75 3359 209 3448 Scaliger
219 3364 378 3450 Ἀρκτῖνος.
400 3369 543 3430 Eusebius
557 3369 680 3428 latinus
693 3366 829 3426 Aretius.
1201 3403 1211 3428 a

161 3453 311 3536 Orouion]
327 3453 437 3513 Vocem
450 3455 580 3513 restituit
590 3451 733 3512 Eusebius
747 3452 785 3510 sd
800 3469 910 3510 eanum
926 3449 1059 3512 Abrahae
1075 3452 1166 3520 1253.

79 3539 219 3612 varari,
242 3538 360 3616 scribit,
390 3539 529 3616 cirenem
549 3537 748 3598 condiderunt
767 3535 890 3596 oraculo
907 3539 952 3596 sic
967 3538 1094 3596 iubente.
1123 3537 1166 3593 De

73 3622 119 3683 bis
141 3623 258 3686 Strabo.
280 3623 331 3687 lib.
355 3627 403 3688 17.
426 3643 491 3704 cap.
514 3629 565 3690 20.
587 3624 623 3682 de
641 3622 803 3700 Pandosia,
832 3621 922 3682 hodia
950 3617 1107 3680 Consentia
1135 3626 1166 3676 et

73 3707 257 3789 Metapontio
270 3707 381 3769 Italicis
392 3707 456 3768 sive
471 3708 632 3768 Calabriaia
653 3707 778 3768 urbibus
800 3706 906 3766 Strabo
923 3703 976 3766 lib.
998 3709 1028 3770 6.
1050 3721 1114 3781 cap.
1133 3703 1165 3766 8.

74 3802 103 3852 0²
123 3793 307 3962 humum
320 3868 448 3958 nodam]
469 3873 612 3938 Eusebius
628 3875 666 3936 ad
680 3895 792 3937 annum
809 3867 1048 3936 Abrehse1244·
1067 3866 1167 3964 Athe·

76 3963 123 4022 uis
132 3965 273 4042 primum
289 3964 391 4021 trieres
405 3964 566 4042 navigavit
578 3959 753 4021 Aminocleo
773 3977 895 4017 cursum
916 3952 1080 4032 dirigente:
1104 3972 1166 4012 etus

76 4047 160 4108 faber
181 4056 216 4114 et.
234 4045 428 4122 hierarchas,
450 4047 501 4126 qni
513 4045 684 4126 Thucydidi
699 4045 751 4104 lib.
771 4048 799 4108 1.
813 4037 956 4100 scribitur
968 4030 1166 4116 Ἀμεινοκλῆς.

162 4127 292 4210 Νάξος]
314 4131 360 4192 Its
380 4130 536 4208 legendum
559 4139 659 4190 mouet
681 4127 824 4190 Eusebius
847 4125 885 4184 nd
906 4141 1016 4182 annum
1032 4120 1167 4180 Abrahae

79 4219 170 4284 1676.
199 4217 309 4276 Naxus
323 4217 481 4276 iudiciiin
505 4213 639 4278 condita.
669 4211 777 4272 Strabo
795 4211 851 4271 lib.
871 4211 900 4272 6.
925 4226 988 4285 cap·
1010 4209 1060 4272 1³.
1082 4203 1116 4268 ot
1133 4203 1168 4269 di

78 4297 187 4380 annisi
201 4295 343 4380 Kandane
355 4299 407 4364 sui
421 4293 628 4384 Συρακουσῶν
643 4295 837 4372 ἐκλελοίπασι,
850 4284 952 4368 Νάξος
963 4287 1015 4356 sud
1030 4289 1166 4376 Μέγαρα.
