2860 4714
345 403 426 472 ,ΕΤ
451 403 802 475 Annorsnlonus.
1060 396 1136 474 896

40 569 119 648 gius
130 563 188 624 sue
203 559 361 644 Aplacpbi.
402 561 456 622 liis
472 563 572 624 verbis
590 564 708 644 Georgii
729 563 906 639 calumnias,
928 565 954 626 si
975 585 1049 646 quse
1065 567 1136 641 sint,

42 653 228 726 discuteret,
251 658 282 708 et
303 647 424 708 Eusebii
441 651 614 708 sententiam
635 649 778 710 sincerius
800 650 965 730 expositam
987 653 1139 712 videretur

40 737 159 796 intuto
185 753 341 814 reponere.
382 731 466 792 Licet
486 733 565 792 enim
585 734 733 794 Gbronicc
756 736 861 794 Latino
883 736 1001 796 Eusebii
1025 737 1139 796 decima

41 821 187 902 septima,
211 839 300 898 quam
319 837 493 895 versamus,
516 818 729 899 Aegyptiorum
751 821 893 899 Dynastia
906 841 968 881 nou
986 820 1025 881 ait
1044 823 1138 882 ascri-

42 917 114 988 pta,
137 905 225 986 quod
245 913 344 964 tamen
364 901 506 962 decimam
528 913 662 963 octavam
681 925 759 964 anno
782 913 852 988 post
873 916 976 964 uatum
991 905 1139 967 Abrabam

43 992 114 1058 294.
134 990 304 1070 incepisse,
325 987 432 1069 loseph
449 996 547 1048 autem
570 1009 649 1048 anno
669 993 741 1056 282.
761 990 872 1048 Ducem
890 991 1017 1070 Aegypti
1031 991 1142 1050 conati·

42 1087 144 1135 tutum
163 1073 290 1134 scribit:
319 1073 390 1133 solis
410 1073 567 1133 duodecim
590 1073 675 1134 annis
697 1084 765 1133 ante
790 1073 921 1134 Amosim
941 1075 1071 1154 primum
1090 1079 1140 1142 18.

42 1161 212 1240 Dynastiae
233 1179 331 1238 regem
355 1177 417 1216 eam
440 1157 615 1236 dignitatem
631 1159 770 1239 adeptum
789 1159 878 1218 facile
898 1159 1073 1238 colligimus.
1116 1161 1142 1218 A

45 1266 105 1326 quo
118 1265 195 1324 rege
206 1243 340 1303 Amosim
353 1243 445 1302 istum
463 1253 640 1324 praeeunte,
661 1264 735 1304 num
753 1243 790 1302 ab
813 1243 971 1325 Aphophi,
993 1245 1079 1304 cetius
1097 1263 1142 1302 rs-

43 1351 133 1408 gnum
150 1329 250 1401 aunis,
271 1339 308 1387 ut
321 1327 389 1388 vult
401 1329 556 1406 Eusebius,
569 1329 619 1396 14.
631 1349 705 1388 num
719 1329 755 1388 ab
770 1329 880 1390 Arelile
893 1331 978 1389 cuius
992 1332 1044 1395 30.
1056 1325 1143 1388 anuis

43 1425 237 1496 protractum
260 1413 335 1490 fuit,
358 1412 454 1491 regies
480 1412 609 1475 honores
631 1424 833 1494 consequutus
854 1423 900 1474 ast
919 1414 1044 1494 loseph,
1065 1415 1143 1474 inter

45 1501 211 1580 Georgium
232 1507 262 1558 et
285 1497 464 1578 scaligerum
486 1519 549 1558 non
573 1508 698 1559 constat.
740 1498 883 1581 Superior
895 1493 960 1579 pag.
976 1505 1026 1566 ὁὶ.
1040 1499 1075 1560 Δ.
1093 1499 1143 1558 de-

43 1595 197 1645 monstrat
211 1583 307 1643 oculis
320 1583 460 1642 Arohlem
475 1583 583 1644 ultimo
596 1585 666 1644 loco
682 1584 811 1644 decimae
828 1586 968 1666 septimae
984 1585 1143 1662 Dynastios

45 1670 79 1728 ab
103 1669 239 1730 Eusebio
260 1669 409 1748 positum:
432 1669 594 1748 Georgius,
616 1689 677 1728 non
698 1669 856 1747 Archlem,
887 1669 938 1730 sed
962 1667 1144 1750 Aphophim,

45 1765 191 1835 quartum
207 1763 238 1813 et
251 1753 389 1812 ultimum
404 1751 439 1812 ab
452 1753 579 1814 Eusebio
593 1755 724 1834 positum
741 1747 909 1814 'contendit
946 1753 1022 1828 Quis
1033 1754 1142 1829 verior,

45 1841 80 1898 de
97 1839 228 1899 Eusebii
245 1847 342 1898 mente
357 1839 458 1911 testis,
481 1847 533 1898 aut
548 1839 681 1900 decimae
701 1839 845 1920 septimae
862 1860 952 1920 supra
966 1849 1069 1898 extans
1088 1859 1140 1898 co·
1158 1847 1190 1902 V.
1202 1849 1238 1904 23

44 1925 187 2002 tologus,
208 1933 260 1982 sut
281 1943 369 2004 quem
387 1923 559 1982 mendacem
580 1923 667 2002 fingit
685 1925 834 2003 Scaliger,
862 1945 1002 2008 praesens
1023 1923 1144 2002 Georgii

45 2007 177 2068 textus?
200 2009 288 2082 Sede,
307 2009 430 2079 Lector,
454 2006 571 2070 dissidii
585 2009 707 2088 arbiter,
732 2019 763 2069 et
778 2011 936 2089 Georgium
951 2009 982 2068 iu
996 2029 1029 2069 se
1045 2009 1145 2090 ipsum

43 2093 187 2154 scribere
203 2111 263 2150 non
275 2093 406 2172 potuisse
417 2111 535 2152 mecum
547 2095 681 2158 decerne.
726 2094 900 2175 Scripsisset
915 2097 1032 2172 autem,
1053 2095 1080 2153 si
1093 2093 1145 2152 hic

44 2175 225 2259 Aplrcphim
255 2178 414 2254 ultimum,
445 2178 580 2259 superius
610 2199 648 2239 ex
679 2179 804 2240 Eusebio
830 2190 1012 2262 postremum
1033 2180 1146 2260 pariter

46 2263 192 2324 Archlem
212 2261 374 2326 exhiberet.
424 2263 538 2341 Regum
560 2263 651 2342 igitur
671 2266 746 2326 ordo
772 2265 805 2326 in
830 2265 980 2346 descripta
1008 2265 1145 2346 superius

46 2349 165 2408 decime
187 2349 314 2428 septime
331 2347 468 2407 turbatus
489 2357 549 2424 est,
569 2349 701 2428 inquies:
724 2360 753 2409 et
773 2349 896 2410 Arehles
909 2351 1034 2425 tertius,
1056 2369 1147 2430 quer-

47 2443 95 2493 tus
108 2432 272 2514 Aphophis
287 2433 395 2493 referri
408 2433 574 2492 debuerat'l
596 2435 642 2492 lta
655 2453 725 2492 sene
738 2453 852 2494 mecum
866 2437 985 2511 senties,
1008 2435 1033 2493 si
1047 2451 1147 2494 errore

47 2519 78 2577 in
92 2518 226 2579 Librarii
249 2517 437 2578 oscitantiam
457 2517 589 2593 reiecto,
611 2517 729 2596 Georgii
744 2519 833 2577 verba
842 2559 852 2592 ,
875 2539 951 2598 quse
969 2527 1000 2578 te
1019 2519 1053 2578 in
1075 2537 1148 2576 sen·

48 2605 146 2663 tentia
164 2603 304 2678 firment,
327 2603 499 2662 adverteris.
541 2601 704 2678 Eusebius,
726 2603 880 2679 subiungit
901 2603 953 2662 illc
970 2603 1076 2683 pagina
1097 2603 1147 2660 lo-

50 2707 147 2768 ccque
163 2688 325 2770 praelatis,
345 2687 497 2768 privatum
512 2687 602 2747 linem
620 2696 750 2748 sectatus
766 2687 895 2747 decimos
911 2687 1031 2768 quintae
1042 2687 1147 2764 Dyna-

50 2773 125 2833 stiue
138 2793 222 2852 reges
241 2773 275 2832 in
295 2771 614 2852 decimumseptimum
633 2772 803 2848 nanetulit3
826 2781 857 2832 et
876 2771 1026 2832 senarium
1046 2789 1149 2829 eorurn

50 2877 211 2918 numerum
236 2857 353 2918 duobus
375 2857 520 2918 minorem
539 2858 620 2918 fecit.
663 2858 754 2916 Cuius
780 2865 877 2918 autem
905 2854 1000 2936 gratia
1019 2853 1150 2915 mutilati

51 2945 134 3003 illius
151 2941 282 3022 catalogi
301 2963 332 3002 se
353 2942 505 3024 praestitit
528 2941 709 3016 Aetherem,
731 2942 790 3002 nisi
810 2953 846 3002 ut
867 2940 1033 3002 communis
1050 2937 1150 3000 Chro-

53 3029 235 3107 uologorum
256 3049 360 3088 sensus
383 3027 462 3088 fierit
484 3027 549 3110 ipse
577 3029 742 3110 particeps,
770 3036 800 3088 et
818 3025 976 3110 losephum
995 3047 1012 3086 a
1034 3025 1149 3104 reliquo

54 3123 144 3173 coetu
160 3111 217 3174 sub
235 3111 376 3194 Aphophi
391 3113 501 3191 regiam
517 3113 690 3193 dignitatem
708 3123 898 3192 assequutum
915 3113 1004 3190 vulgo
1017 3111 1151 3190 assigna·

52 3209 134 3275 tum,
157 3201 225 3279 ipse
244 3199 353 3258 mentis
376 3198 507 3258 eiusdem
526 3219 653 3260 concors
670 3199 827 3280 Aphophis
845 3198 1029 3280 temporibus
1043 3197 1149 3258 redde-
1211 3257 1215 3264 ,

52 3283 123 3344 retl
144 3283 326 3344 Pensitands
337 3284 371 3342 in
385 3281 445 3342 boc
458 3285 646 3366 propositum
655 3283 800 3344 Authoris
815 3285 921 3344 verbus
943 3283 992 3347 lael
1005 3279 1062 3366 yolo
1076 3283 1152 3345 πᾶσι

55 3363 314 3450 αυμαεφαὸνηται,
336 3364 383 3431 ὅτι
402 3367 454 3431 ἐπὶ
472 3362 639 3450 Ἀφῶφεως
665 3361 757 3451 ἦρξεν
778 3363 885 3450 Ἰωσὴφ
906 3373 959 3450 τῆς
983 3365 1149 3452 Αἰγύπτου.

62 3455 130 3514 Dira
152 3458 256 3513 cundi
280 3473 350 3514 voce
369 3451 530 3534 Iosephum
548 3456 604 3514 sub
629 3455 776 3534 Apbopln'
801 3455 939 3536 Aegypto
966 3457 1152 3536 imperitasse

52 3537 253 3619 praedicant:
275 3539 495 3599 incurrentem
518 3561 625 3622 aquam
650 3539 731 3600 solus
747 3543 970 3601 contranitetur
988 3537 1152 3601 Eusebiua'l

56 3625 252 3700 eriuimmo,
272 3625 410 3705 pluribus
425 3625 490 3684 istis
505 3645 704 3686 consensurus
723 3625 760 3686 ab
775 3626 917 3686 Africano
934 3625 1076 3700 discedit,
1098 3624 1154 3682 de-

58 3714 165 3771 cimam
182 3711 317 3791 quintam
336 3710 398 3770 eius
416 3710 590 3789 llyrrsstiem
604 3711 661 3771 sibi
676 3712 830 3792 septimam
844 3733 880 3770 oc
894 3712 1038 3772 decimam
1056 3707 1152 3784 erigit,

57 3817 108 3856 aex
121 3815 226 3874 regum
241 3797 281 3856 ed
295 3805 426 3876 quatuor
440 3815 597 3856 numerum
615 3796 739 3875 redigit;
762 3793 942 3878 Aphopheos
956 3815 1050 3855 annos
1062 3803 1153 3851 truin-

59 3891 120 3956 cat3
142 3901 234 3961 quem
255 3890 356 3940 temen
377 3880 479 3960 putari
499 3881 611 3962 reperit
632 3883 773 3942 ultimum
796 3883 829 3941 in
850 3880 986 3942 Africani
1012 3875 1154 3956 Dynsstia
1187 3901 1190 3910 ⁴

59 3968 110 4032 15.
132 3985 202 4048 pag.
217 3971 269 4032 61.
285 3967 318 4028 Β.
338 3967 403 4046 ipse
420 3985 538 4046 quoque
554 3967 658 4026 debuit
673 3967 810 4026 ultimum
825 3967 896 4025 licet
915 3973 1023 4044 quarto
1037 3970 1154 4020 tuntum

58 4053 124 4112 loco
145 4060 307 4132 reputare,
329 4063 359 4109 et
377 4051 431 4110 sub
454 4052 516 4110 eius
540 4051 683 4134 imperio,
708 4073 747 4111 ne
767 4051 890 4110 coeteris
906 4046 1102 4125 chronologis
1125 4063 1156 4104 ss

58 4147 211 4218 opponat,
230 4135 350 4216 Iosephi
371 4137 574 4216 principatum
596 4157 766 4198 recenserc=
789 4133 830 4216 μή
852 4134 926 4214 ἔχων
947 4133 1090 4196 ὁπωσοῦν
1107 4129 1157 4193 ἐπὶ

59 4219 151 4285 ἄλλου
165 4217 247 4298 τινὸς
260 4217 355 4284 cdro'v
367 4221 574 4304 παραθέσθαι,
589 4218 751 4304 μετήγαγεν
759 4217 962 4298 etvt'Aooow
977 4213 1037 4282 eino*
1050 4221 1105 4298 τῆς
1114 4211 1155 4279 ιε’.

60 4309 235 4380 δυναστείας
249 4307 292 4380 εἰς
302 4303 359 4386 τὴν
377 4300 420 4382 ιζ.
435 4305 612 4392 nol-odeleus·
624 4304 661 4368 rol
676 4306 726 4383 ἔνη
743 4299 837 4367 αὐτοῦ
852 4299 905 4379 §ult
926 4299 1101 4387 ὑπάρχοντα
1115 4305 1158 4376 εἰς

62 4389 105 4455 ιδ’.
147 4393 272 4454 Vindex
279 4391 370 4470 igitur
384 4392 544 4463 Anthene,
566 4390 778 4473 ipsiusverbis,
792 4409 853 4450 uno
865 4390 929 4451 eolo
940 4391 1071 4473 dempto,
1086 4409 1158 4449 con⁴
