2960 4716
1156 225 1175 258 μ

261 289 311 362 40
639 293 683 362 G.
708 287 972 360 utinmotu

264 451 407 532 Georgius
419 469 490 512 vero
504 471 567 512 non
584 448 826 512 animadvertisse
836 447 975 525 uersu,
995 465 1033 508 ex
1048 465 1108 527 quo
1121 441 1349 508 fonteZosimus
1466 527 1467 546 ρ

261 537 454 681 houoeffiis
467 620 526 702 jorn
543 628 640 700 patet,
661 621 818 680 Zosirnum
828 616 1046 698 philosophum
1061 635 1123 676 non
1138 613 1262 674 eundem
1281 631 1349 672 esse

264 727 300 768 ac
314 707 470 766 zosimum
483 705 678 782 historicum,
700 705 752 784 qui
763 703 860 764 medio
874 704 991 764 saeculo
1004 701 1109 782 quinto
1121 698 1255 778 scripsit:
1275 717 1350 756 nem

262 791 423 852 historicus
435 809 565 870 paganus
580 790 638 849 fuit
653 809 688 848 ac
701 790 804 849 creber
823 789 857 848 in
873 786 1045 866 sugillandis
1060 783 1244 868 principibus
1263 781 1352 840 chri·

263 875 383 952 stianis3
405 883 512 935 suetos·
524 895 595 938 vero
610 868 777 955 τῆςἸμοσίθ
792 872 976 934 Christianus
996 871 1063 934 suit.
1106 869 1162 930 eoi
1186 866 1354 927 sententiae

260 959 464 1021 testimonium
485 959 512 1018 si
537 959 669 1040 quoeris,
692 958 887 1018 clarissimum
907 958 958 1018 dat
973 955 1096 1016 Photius
1117 957 1149 1014 in
1163 951 1353 1013 Bibliotheca

263 1045 329 1107 cod.
348 1051 418 1111 170.
456 1043 647 1123 Anonymum
669 1044 841 1122 quemdam,
870 1051 987 1117 narret,
1017 1039 1051 1098 in
1072 1038 1240 1118 quindecim
1263 1035 1353 1096 libris

263 1129 416 1208 collegisse
430 1128 598 1188 testimonia
610 1129 737 1206 locaque
751 1127 864 1206 integre
882 1147 942 1187 ooo
954 1126 1051 1186 solum
1071 1145 1088 1184 e
1110 1123 1231 1203 scriptis
1252 1123 1354 1181 Gree-

263 1233 385 1288 corum,
414 1233 518 1274 vuum
548 1212 637 1273 etiam
661 1214 831 1292 Persarum,
861 1211 1089 1291 Aegyptiorum,
1119 1208 1355 1286 Babyloniorum

264 1308 352 1378 etque
365 1297 517 1371 Italorum,
539 1317 614 1376 quas
624 1297 760 1374 religioni
774 1295 950 1357 christianae
963 1293 1151 1354 consentiant
1165 1311 1286 1370 eamque
1300 1311 1354 1350 er·

262 1403 301 1463 go
315 1384 373 1442 ism
406 1381 469 1442 rins
486 1381 713 1456 divulgaverint.
754 1381 830 1441 Tum
845 1381 878 1441 in
893 1379 1072 1440 editionibus
1094 1377 1205 1438 nostris
1220 1377 1263 1435 sic
1274 1375 1355 1453 legi-

263 1478 333 1528 tur:
355 1490 391 1529 on
410 1461 502 1547 pisos
515 1463 548 1530 di
563 1461 622 1530 ἆπὸ
631 1470 693 1528 τῶν
705 1465 929 1548 προειρημένων
943 1461 1053 1547 α’γείρει
1063 1461 1114 1524 καί
1124 1463 1283 1541 συντίθησι
1296 1456 1355 1533 τὰς

266 1551 446 1632 μαρτυρίας,
469 1547 544 1613 dila*
561 1549 613 1615 sui
628 1545 761 1614 u’ssdroiu
777 1553 968 1632 χειμεατικσῖν
991 1548 1131 1627 Ζωσίμου
1145 1541 1248 1629 λόγων.
1284 1547 1354 1624 Θη-

264 1637 352 1718 βαῖος
367 1636 385 1697 d
392 1629 400 1655 ’
411 1627 453 1715 ἦν
469 1626 565 1711 οὗτος,
594 1636 825 1715 Hermonem,
847 1632 881 1710 ὃς
894 1629 952 1698 osis
971 1633 1108 1712 ἐφείσατο
1120 1629 1157 1694 ταί
1170 1625 1245 1694 αὐτὰ
1257 1652 1355 1691 κατα-

264 1713 435 1794 σκευάζειν,
457 1718 490 1782 io
511 1713 558 1794 οίς
579 1719 631 1782 καί
653 1719 803 1800 §doctoris
823 1714 921 1804 λόγων
944 1718 1092 1782 ίκτίθεται
1112 1717 1270 1796 σημασίας,
1298 1713 1356 1776 καί

265 1809 328 1867 sois
349 1796 523 1867 ἀποστόλων
545 1802 665 1878 brosor
686 1803 762 1866 ἔνθα
776 1799 809 1867 sel
833 1796 980 1885 σωτήριον
998 1797 1121 1882 ἐκήρυξε
1137 1797 1280 1882 μάθημα,
1300 1797 1358 1862 καί

264 1887 300 1953 lu
320 1879 344 1974 gl
360 1883 457 1974 τρόπῳ
471 1892 533 1952 sois
546 1882 751 1971 ἀνθρωπίνων
762 1883 864 1952 πίσσα
878 1882 1074 1952 duronicum.
1095 1885 1146 1950 tot
1157 1884 1232 1949 τέλει
1247 1881 1280 1946 dl
1293 1887 1357 1945 τῶν

265 1967 363 2054 λόγων
378 1971 430 2036 καί
444 1974 620 2054 παραίνεσιν
634 1974 715 2036 ίσίσν
729 1975 919 2036 κατατίθεται
934 1995 961 2034 α.
974 1995 999 2034 s.
1017 1976 1042 2033 l..
1079 1971 1170 2032 Nemo
1190 1989 1251 2029 non
1270 1968 1358 2028 videt

166 2103 169 2110 ,
265 2062 488 2140 xnpeusssoi
495 2081 514 2118 u
527 2049 624 2138 λόγων
636 2059 792 2137 legendum
807 2077 932 2139 essspro
945 2060 1151 2138 χειμσασαιαῖν,
1165 2075 1240 2135 quos
1254 2053 1357 2112 inter-

265 2163 335 2223 pres
348 2141 459 2200 latinus
474 2139 551 2200 bone
561 2141 621 2200 lide
631 2141 662 2200 in
673 2141 801 2223 frigida
809 2141 1063 2223 scriptoridicule
1071 2139 1229 2200 convertit.
1251 2135 1358 2196 Credi·

266 2225 345 2286 disse
356 2225 486 2296 videtur,
493 2225 590 2285 notari
603 2225 661 2286 lrac
673 2227 897 2288 inusitatevocs
911 2225 1021 2307 scripta
1028 2225 1138 2287 Zosimi
1146 2223 1293 2301 historici,
1302 2221 1359 2282 ud-

266 2309 390 2372 versarii
404 2308 647 2388 Christianorum,
656 2309 693 2370 ds
707 2331 766 2391 quo
776 2311 896 2372 Photius
908 2311 973 2375 cod.
986 2315 1037 2379 92.
1051 2341 1093 2358 -
1114 2310 1254 2388 ltsqueet
1263 2307 1360 2368 verba

266 2393 434 2472 sequentis:
451 2393 626 2470 „Thebanus
637 2395 695 2456 luit
705 2393 967 2478 hio,l³snopolits”
976 2394 1102 2477 quodsd
1110 2391 1283 2454 historicum
1291 2409 1359 2452 non

265 2478 429 2560 pertinent,
438 2479 475 2538 sb
483 2479 721 2541 antecedentibus
734 2481 776 2541 its
789 2481 945 2556 disiunxit,
954 2491 989 2540 ut
1001 2481 1099 2541 nucis
1112 2496 1199 2557 quem
1206 2475 1360 2556 respicere

265 2563 433 2626 videantur.
461 2563 594 2645 Apparet
608 2585 691 2642 vero,
711 2564 785 2626 haec
798 2567 889 2628 verbs
904 2567 943 2626 sd
954 2565 1101 2626 zosimum
1112 2562 1268 2624 referende
1280 2579 1359 2625 esse.

266 2647 347 2722 Quid
360 2657 458 2707 sutem
474 2650 581 2711 verbs:
602 2645 639 2724 ὃς
654 2643 723 2714 ode
740 2650 923 2730 ἐφείσατο
943 2645 989 2713 ταί
1004 2642 1098 2712 uisci
1116 2639 1359 2708 αατασαεσᾶ·

265 2735 346 2809 ζειν
359 2731 414 2793 orbi
427 2732 557 2794 volunt?
578 2735 640 2796 Gur
652 2743 792 2815 tanquam
803 2735 1040 2817 reprehensurus
1054 2731 1137 2807 dicit,
1159 2729 1318 2806 zosimum,
1340 2749 1359 2789 e

265 2817 506 2897 quodnonymus
517 2839 568 2878 sus
579 2819 777 2899 repetituros
785 2821 914 2881 veritum
923 2815 1278 2894 essequominuseadcm
1286 2833 1359 2894 pro·

265 2900 338 2960 betl
358 2901 450 2959 immo
465 2903 640 2980 Anonymus
656 2905 804 2964 notandus
817 2913 876 2981 est,
898 2901 979 2982 qnod
999 2898 1110 2961 Zosimi
1131 2899 1260 2980 scripte,
1282 2919 1360 2960 ser-

265 2983 337 3046 bum
351 3005 367 3043 e
380 2983 487 3060 verbo,
507 2985 540 3044 in
555 3005 607 3044 sus
624 2989 786 3048 usnslerre
805 3009 866 3049 non
883 2985 1043 3048 dubitavit.
1084 2983 1140 3060 Et,
1160 2985 1194 3044 ui
1214 2984 1318 3060 fuller,
1341 3003 1361 3042 s

266 3069 373 3131 Photis
386 3077 507 3129 notetus
522 3078 581 3146 est,
601 3071 741 3133 librarius
759 3093 831 3133 vero
847 3091 920 3132 voce
935 3071 1048 3131 inserts
1063 3077 1168 3129 notem
1182 3067 1304 3129 delevit.
1314 3099 1361 3116 «-

268 3153 474 3215 Circumcluds
488 3155 577 3215 verba
594 3158 725 3237 Θηβαῖος
736 3150 770 3222 δ’
784 3149 826 3238 ἦν
842 3147 939 3233 οὗτος,
960 3155 1178 3234 Πανωποίίαρς
1190 3153 1282 3232 signis
1298 3173 1359 3232 pa·

268 3237 459 3316 rentheseoo,
480 3259 616 3320 expungo
632 3261 799 3322 pronomen
819 3237 873 3318 dg,
896 3251 927 3302 et
948 3241 1108 3318 coniunge:
1131 3233 1205 3302 ditet
1227 3235 1278 3300 sol
1299 3231 1361 3301 otoo*

268 3327 331 3386 erto
346 3327 530 3404 χημεατικσῖν
546 3327 686 3404 Ζωσίμοα
702 3321 797 3408 λόγων
814 3319 870 3389 usin
880 3324 1020 3404 ἐφείσατο
1036 3319 1073 3386 col
1088 3317 1165 3386 oderi
1176 3315 1362 3384 κατασκευά-

269 3409 339 3483 ζειν.
380 3409 505 3467 Sensus:
529 3408 699 3488 dnooymus
711 3410 762 3470 ills
779 3431 840 3470 non
854 3411 952 3470 solum
971 3429 987 3470 e
1006 3407 1126 3488 scriptis
1134 3406 1300 3488 gentilibus
1310 3415 1362 3465 te-

268 3490 408 3552 stimonia
422 3493 542 3571 collegit
558 3493 595 3552 de
607 3493 748 3572 religione
764 3493 941 3572 christiano,
961 3514 1063 3555 verum
1074 3496 1166 3552 etiam
1179 3490 1291 3570 scripto
1299 3491 1363 3549 Zo-

217 3627 223 3636 ,
268 3575 347 3652 simi,
371 3575 548 3652 Christiani,
561 3577 685 3638 verbum
699 3579 760 3638 lere
773 3599 790 3640 e
801 3577 892 3640 verbo
906 3587 1040 3660 repetere
1052 3597 1115 3638 non
1130 3573 1288 3652 dubitavit,
1310 3583 1363 3635 at-

269 3679 328 3740 que
342 3659 459 3737 ridem,
480 3679 553 3742 quas
567 3661 701 3722 Zosimus
714 3664 771 3722 ism
788 3661 924 3724 inlibris
944 3663 1005 3723 suis
1030 3661 1166 3722 chimicis
1190 3660 1360 3738 collegerat,

268 3744 378 3806 iterum
396 3765 580 3826 comparere:
600 3747 633 3807 in
647 3746 754 3827 quibus
768 3768 785 3807 e
801 3747 916 3808 Zosimo
938 3747 1087 3827 excerptis
1104 3755 1134 3806 et
1152 3744 1363 3806 hebraicorum

171 3909 173 3914 Ι
273 3831 456 3913 scriptorum
470 3823 600 3916 (λόγων,
620 3851 683 3892 non
697 3830 817 3912 λέξεων)
835 3831 1112 3914 interpretationes,
1134 3839 1165 3890 et
1182 3830 1259 3891 vitas
1275 3827 1365 3911 Apo·

337 4011 392 4050 sum
407 3993 499 4049 vertite
516 3995 628 4061 „Asuero
641 3994 746 4082 insuper
762 3999 824 4052 odio
837 3999 931 4064 sonere
950 4001 979 4050 st
996 3997 1132 4052 berberem
1153 3993 1284 4048 radicibus
1304 3992 1365 4048 aliis

338 4065 432 4118 damna
444 4081 536 4136 parare
552 4064 604 4117 dux
617 4070 749 4134 apereru“
781 4065 900 4120 Condicio
913 4066 1034 4136 scripturn
1044 4063 1123 4123 luisse
1136 4061 1260 4130 ἐδίδαξεν
1273 4059 1365 4131 ἐνερ-

338 4133 439 4200 γείας
454 4129 525 4190 κατὰ
540 4135 592 4189 roo*
607 4133 675 4196 uode
689 4134 708 4186 i.
721 4151 745 4191 e.
756 4133 844 4189 docuit
856 4135 979 4200 redonen,
996 4135 1091 4206 quibus
1100 4131 1185 4189 trino
1200 4132 1288 4184 noceri
1300 4147 1366 4201 pos·

339 4200 710 4340 :ptffibpppqupp'redimm
731 4203 878 4270 herbam,
902 4203 997 4276 qulbus
1017 4202 1093 4258 simili
1111 4201 1185 4258 modo
1200 4200 1229 4256 ln
1247 4201 1365 4256 domuum
