2860 4714
260 321 338 398 370
641 327 994 404 uuunuarluusss

261 489 379 590 xsndro
404 488 515 550 tutetur
537 486 751 570 desumpsisse.
794 485 842 546 Ex
862 485 1004 566 Abydeni
1028 487 1114 552 fonto
1127 445 1269 558 deduxit
1288 496 1370 560 rivus

262 595 505 740 ongnhidiidtvoti
525 655 678 740 περὶτῶν
699 651 831 734 αὐτοῖν]
853 655 969 736 Extatu
991 656 1170 736 etism,hsec
1183 665 1270 746 apud
1280 665 1368 728 Ense.

260 747 344 808 bium
361 747 429 806 ioco
445 744 584 822 laudato,
606 763 644 804 ex
663 761 724 824 quo
741 741 825 820 Regii
841 745 949 802 merida
964 755 1154 822 reparantur.

347 833 414 908 Peg.
436 832 488 899 45.
511 827 669 908 Astpe‘ptoe
685 825 790 899 Noieo‘
807 825 948 911 diuturne]
972 829 1074 890 Partes
1089 833 1171 894 orbis
1184 843 1251 896 tres
1271 839 1367 916 aequis

160 971 162 982 .
260 918 452 1001 portionibus
475 915 585 976 divisas
603 936 622 974 a
644 915 707 974 Noe
729 913 800 972 filiis
823 913 921 972 trihus
945 915 1121 994 separatim,
1149 929 1180 978 st
1204 941 1222 979 a
1247 921 1366 1000 siugulis

261 1003 386 1065 seorsim
407 1011 568 1084 occupatas
590 1000 686 1060 refert
706 995 853 1076 Iosephus
876 1008 941 1060 toto
964 1021 1029 1080 cap.
1050 1007 1080 1066 7.
1101 1002 1146 1062 lib
1167 1011 1198 1070 1.
1220 1007 1365 1086 Antiquit

260 1091 409 1165 Berosus,
437 1088 489 1148 vel
515 1087 578 1146 eius
600 1085 723 1144 nornine
746 1083 976 1145 Chaldaicarum
1004 1087 1228 1166 Antiquitatum
1262 1092 1366 1152 author

259 1175 314 1238 lib.
330 1175 360 1242 4.
379 1163 500 1247 lanum,
527 1173 605 1231 libro
624 1171 779 1250 superiore
798 1169 893 1228 Noam
909 1180 1068 1249 vocatum,
1095 1173 1196 1234 daiam
1216 1177 1364 1258 Europam

180 1311 191 1320 .
260 1271 291 1320 et
304 1259 436 1320 Africam
452 1259 549 1318 tribus
563 1257 652 1331 filiis,
675 1277 730 1316 ceu
744 1253 934 1336 principibus
951 1277 1052 1318 esrum
1061 1303 1070 1332 ,
1093 1261 1239 1339 partitum
1251 1263 1360 1324 scribit.

260 1345 397 1414 Sortibus
410 1366 427 1402 a
441 1343 556 1421 generis
571 1341 696 1402 humani
711 1350 883 1421 reparatore
897 1353 1044 1404 terrarum
1057 1346 1168 1406 iactam
1188 1342 1360 1408 divisionem

259 1439 362 1493 narrat
382 1427 569 1510 Epiphanius
589 1427 635 1486 his
656 1427 767 1488 verbis.
813 1431 887 1489 Nais
907 1424 1112 1512 διαιροῖντδν
1131 1425 1231 1496 πάντα
1250 1428 1360 1514 κόσμον

259 1523 323 1591 τοῖς
342 1513 440 1594 τρισὶν
456 1513 539 1588 υἱοῖς
561 1505 657 1576 ανίοὕ
676 1517 718 1600 cpi
734 1508 806 1592 Σήμ
828 1512 880 1574 καὶ
898 1509 968 1594 Xdp
991 1512 1044 1576 καὶ
1056 1507 1162 1591 'Moab
1183 1519 1291 1595 διεῖλε,
1312 1521 1362 1599 βο-

259 1597 322 1665 aaa
335 1596 406 1676 τους
419 1595 549 1681 κλήρους
561 1599 594 1662 ἐν
606 1593 859 1680 Ῥινοκορούροις,
882 1596 924 1671 οἱς
936 1597 958 1680 ή
972 1594 1142 1664 ἀκολουθία
1157 1601 1226 1682 ἔχει,
1245 1605 1298 1668 καὶ
1311 1597 1361 1666 οὖ-

259 1685 311 1752 aiv
331 1681 524 1763 κενόφωνου,
546 1679 618 1748 οὐδὲ
637 1681 932 1764 παρυπεποιημὲνου.
960 1679 1171 1768 Ῥινοκόρουρα
1194 1685 1255 1772 ydp
1275 1689 1362 1770 ἑρμη-

257 1767 377 1838 reden
393 1771 481 1834 Νεὲλ.
511 1768 563 1832 καλ
580 1765 660 1832 ositos
674 1764 765 1845 φύσει
779 1769 812 1830 ολ
823 1763 979 1850 ἐπιχώριοι
998 1765 1097 1851 αὐτήν
1113 1779 1272 1839 καλοῦσιν.
1301 1769 1360 1836 c'ad

258 1855 292 1924 di
307 1863 363 1942 τῆς
378 1855 536 1938 Ἐβραΐδος
549 1849 743 1936 ἑρμηνεύεται
756 1857 871 1932 κλήρου
898 1849 1063 1938 ἐπειδήπερ
1080 1855 1101 1920 o‘
1118 1858 1357 1939 Narraturus

257 1940 329 2018 rotie
344 1937 474 2022 κλήρους
488 1947 551 2014 τοῖς
566 1939 664 2021 τρισὶν
677 1939 759 2014 υἱοῖς
773 1933 878 2001 αὐτοῦ.
924 1941 990 2004 Nos
1008 1943 1096 2002 eolus
1118 1945 1154 2001 in
1170 1954 1233 2004 tres
1256 1945 1356 2006 uenus

258 2031 327 2090 Sem
345 2029 443 2090 Oltam
457 2039 485 2086 et
499 2025 627 2105 Iaphetls
642 2035 739 2084 totum
761 2023 862 2082 orbem
878 2027 1054 2085 universum
1065 2032 1211 2107 partitae
1230 2042 1291 2107 est,
1315 2033 1361 2088 cui

257 2115 340 2173 nihil
350 2134 465 2175 vanum
486 2111 604 2186 subest,
627 2121 684 2168 aut
699 2121 805 2167 temere
820 2110 999 2187 confictum:
1021 2115 1091 2171 iecit
1109 2117 1205 2190 enim,
1227 2119 1277 2176 uti
1297 2137 1361 2174 con·

256 2210 401 2258 santoneo
414 2201 510 2274 sarna
522 2196 689 2274 s·ulgotum
711 2205 771 2267 est,
790 2193 887 2252 aorte's
903 2195 992 2273 apud
1007 2197 1261 2260 Rhinocorurum
1273 2205 1362 2281 oppi-

260 2283 347 2344 dum.
391 2285 474 2342 Ναπι
486 2279 704 2340 Rhinoooruro
718 2279 795 2338 Nssl
811 2279 1006 2357 interpretari
1016 2285 1135 2360 poesis,
1158 2295 1186 2342 st
1200 2289 1250 2344 ita
1266 2287 1306 2344 ab
1319 2289 1361 2344 ι’π·

256 2369 334 2428 colb
347 2367 534 2447 appellatur.
569 2363 761 2424 Hebraeis-nm
775 2374 878 2422 autem
888 2365 1071 2426 vocabulum
1086 2379 1184 2426 sortes
1198 2372 1360 2450 sigruficnt,

190 2463 193 2470 ’
254 2455 404 2536 quonium
420 2454 487 2512 Noc
500 2449 601 2510 tribus
615 2449 661 2508 ibi
672 2449 759 2529 filiis
772 2461 867 2508 sortes
885 2469 961 2508 auae
978 2454 1180 2530 msr'guavit..

345 2541 395 2626 Τῷ,
418 2531 526 2623 βφοέ.
547 2535 606 2599 ἔτει
623 2538 679 2598 τοῦ
703 2529 849 2614 adanon]
879 2533 943 2594 Nos
967 2535 1004 2594 sb
1025 2537 1098 2596 orbe
1124 2537 1248 2598 condito
1272 2543 1355 2606 1642
1411 2611 1412 2616 ρ

253 2631 361 2700 natus,
391 2622 496 2684 aetatis
514 2620 672 2702 propriae,
701 2619 815 2680 mundo
837 2618 1005 2687 sibi2556.
1030 2623 1225 2698 vindicante,
1254 2645 1356 2684 nume-

253 2711 340 2774 rabat
356 2709 429 2776 934.
444 2717 538 2790 prout
548 2707 606 2767 fert
620 2715 709 2765 textu
726 2703 912 2764 emendatior
925 2707 1035 2770 versio.
1079 2709 1295 2769 FiliorumNoe
1308 2731 1353 2768 ae-

253 2803 331 2856 tates
347 2813 440 2874 prave
452 2793 503 2854 hic
518 2791 647 2874 positas,
670 2791 709 2850 sd
723 2809 827 2852 eorum
843 2789 906 2850 dies
921 2792 1034 2852 natales
1051 2793 1092 2874 (si
1108 2803 1212 2854 tamen
1231 2814 1294 2874 tera
1309 2803 1350 2854 est

256 2877 396 2958 historia)
416 2879 608 2960 reperiendae
623 2877 731 2937 Lector
744 2875 939 2957 comparebit.

326 2959 568 3046 «Χροσοόήόας.]
591 2965 658 3023 Νοο
681 2961 826 3042 proprio,
850 2963 902 3022 sed
926 2959 1110 3041 appellativo
1134 2963 1295 3040 vocabulo,
1314 2961 1353 3022 ob

253 3069 392 3128 agrorum
417 3049 666 3123 foecunditatem,
689 3057 719 3108 et
740 3047 884 3108 mercium
907 3047 1143 3126 divitiarumque
1166 3051 1283 3130 copiam
1301 3069 1353 3128 per

252 3143 349 3194 totam
369 3135 539 3215 Aegyptum
562 3133 769 3210 distributam,
795 3133 880 3193 Nilus
900 3133 1011 3194 fluvius
1036 3145 1244 3214 nuncupatur.
1283 3136 1352 3195 Pro·

252 3219 314 3300 prii
327 3219 459 3280 neminie
471 3217 696 3302 Chrysorrhoas
709 3219 900 3296 Damascum,
923 3217 1110 3300 Geogrspbis
1123 3221 1261 3300 testibus,
1274 3231 1350 3302 prae-

251 3305 421 3366 terlabitur.

339 3393 487 3470 Γαλλικής
504 3393 665 3472 Σοιανικής
681 3387 737 3469 se]
763 3391 899 3451 sotionis
915 3385 1127 3464 iuueniores,
1150 3389 1270 3470 placuit
1285 3391 1348 3450 Sca·

252 3471 350 3554 ligero
367 3475 481 3553 legere,
503 3483 537 3534 ut
558 3483 589 3536 et
607 3479 691 3538 Penio
709 3483 784 3535 ante
803 3495 894 3536 unam
911 3475 961 3534 vel
979 3473 1103 3534 alteram
1122 3475 1244 3536 lineam.
1285 3472 1349 3534 tuti

252 3559 338 3620 rudis
356 3569 387 3621 et
402 3559 539 3632 incultus
559 3561 673 3621 arridet
690 3558 829 3637 tuthor,
857 3564 973 3637 Γειοῐυ,
995 3567 1030 3618 ut
1050 3569 1080 3619 et
1098 3557 1302 3622 theodoretus
1320 3559 1348 3618 iu

252 3649 283 3711 ὃ.
297 3647 370 3725 fleg.
385 3649 416 3712 3.
433 3654 546 3725 quaest.
565 3643 656 3725 Inois
674 3665 834 3726 reponens.
875 3645 937 3704 Sub
952 3648 1102 3724 Γαλλικής
1116 3657 1218 3706 autem
1235 3658 1263 3708 et
1277 3651 1348 3708 Σπο-

252 3735 341 3810 νικής
356 3729 500 3806 vocibus,
521 3727 575 3808 sd,
597 3737 654 3814 γῆς
674 3733 724 3792 vel
744 3725 842 3814 χώρας
864 3739 963 3790 mente
985 3731 1165 3810 capiendum
1189 3733 1277 3796 etiam
1294 3730 1345 3789 tiro
1407 3727 1408 3730 ’

252 3815 446 3878 divinaverit.
495 3819 637 3880 Σπυνλαν
663 3817 785 3876 tandem
807 3817 843 3876 ab
870 3819 994 3896 antiquo
1017 3815 1150 3875 scribens
1172 3817 1346 3900 Epiphanius

254 3899 377 3964 Haeresi
396 3909 446 3970 66.
463 3902 623 3980 Georgium
639 3923 744 3962 vocem
759 3903 881 3962 eandem
897 3903 1072 3962 reddentem
1093 3901 1129 3958 ab
1149 3901 1348 3984 intempestiva

253 3989 444 4049 correctione
466 3989 613 4050 vindicat.
657 3989 700 4048 ue
720 4009 796 4050 vocs
817 3986 952 4050 Ἷοπονλα
973 3997 1003 4048 ct
1025 3987 1148 4048 Σπανλα
1170 3989 1209 4048 ab
1227 3987 1354 4065 antiquie

253 4071 430 4170 authoribus
459 4083 606 4156 usurpato
633 4081 743 4134 tractat
769 4073 927 4160 Malupnda
951 4083 1056 4134 noster
1077 4073 1177 4153 Opere
1206 4075 1243 4135 de
1265 4072 1347 4136 dnti-

126 4187 128 4192 Ι
252 4153 403 4302 christ&
422 4237 576 4322 ἐκοιμήθη
598 4235 707 4324 ntae
723 4235 880 4323 Λοοβοὶρ.]
910 4241 979 4319 Quo
998 4251 1069 4322 post
1091 4241 1240 4325 diluvium
1256 4239 1341 4302 reden
1405 4289 1406 4309 .

252 4317 375 4383 videtur
388 4323 503 4403 fixisse,
524 4325 674 4389 scribente
686 4327 856 4412 Epiphanio
870 4315 1039 4390 statim‘sub
1049 4327 1104 4394 tib.
1118 4333 1148 4396 1.
1158 4327 1342 4412 principium.
