2944 4716
460 299 897 392 monueramoam.
1150 313 1226 392 ott

127 481 259 534 exeunte
266 472 364 536 Probo
378 471 417 534 ad
429 473 588 558 imperium
602 487 722 555 vocato,
737 477 801 538 eiua
813 497 928 538 menaea
936 487 1066 560 quatuor
1077 499 1168 564 cupra
1174 503 1227 543 rex

128 580 225 620 anuos
231 559 326 619 Taciti
337 561 489 622 menaibua
501 584 565 640 rex,
581 574 611 624 et
617 561 750 624 Floriani
763 563 858 626 tribue
872 563 1008 626 adiuncti
1020 586 1130 628 anuum
1142 587 1227 629 com·

126 653 260 726 ponant:
282 643 363 726 ὁμοῦ
374 649 510 730 γίνονται
523 648 573 727 ivn
589 643 620 722 ζ’.

219 734 268 814 Τῷ
286 731 375 816 τρίτῳ
398 729 456 794 ἔτει
470 726 621 814 lipidam]
643 731 715 791 Post
728 729 872 792 foliorum
890 733 984 794 trium
1001 733 1168 814 defectum,
1188 735 1228 799 da

128 833 191 895 quo
211 815 364 894 euperiua,
386 815 422 873 ab
437 815 502 874 ictio
515 817 614 878 verbio
628 816 724 876 codex
740 815 849 893 Regino
867 835 1033 879 termonem
1044 822 1204 882 inataurat.

211 901 281 978 Peg·
301 903 376 966 886.
398 893 534 982 Ἐσφᾶγη
552 901 585 965 ἐν
604 895 769 990 Ἀπαμείᾳ]
789 902 888 961 Locua
908 902 942 962 in
961 903 1031 980 lleg.
1051 915 1225 988 corruptus,

126 983 295 1046 vitioeiora
313 985 461 1064 scaligero
477 987 616 1046 redditur
627 1007 694 1066 pag.
704 991 755 1052 te.
771 982 990 1093 ἒπαναστήςτῇ
1002 987 1154 1068 Ῥωμαίων
1170 986 1223 1076 alo·
1238 1001 1271 1059 Ρ.
1287 1002 1321 1058 03

126 1075 168 1156 χῇ
179 1063 307 1151 ἐσφάγη.
349 1111 358 1129 .
400 1111 409 1129 .
453 1113 462 1132 .
505 1069 683 1154 Megala).
700 1069 832 1133 Barb.et
848 1068 1137 1156 Paremhct'icregou
1151 1076 1226 1140 tea-

125 1151 238 1229 vante
256 1157 297 1239 τῇ
313 1151 465 1235 Ῥωμαίων
489 1150 583 1243 dagni,
605 1151 722 1240 ἐσφάγη
744 1155 778 1220 tr
795 1149 942 1242 Ἀπαμείᾳ
964 1153 1026 1220 atet
1043 1162 1105 1220 rein
1126 1160 1224 1224 idion.

128 1232 381 1322 Hoddoclama‘yn
395 1239 429 1304 lv
442 1244 573 1326 Στρμίῳ.
594 1241 707 1302 Locum
718 1241 761 1300 ite
773 1239 948 1302 reatitutum
959 1241 1068 1324 probat
1079 1243 1225 1306 Euaebiua

126 1325 261 1386 Latinus.
290 1327 479 1385 Saturninus
492 1328 645 1408 Magister
664 1329 810 1386 exercituo
825 1347 936 1388 novam
953 1328 1137 1388 Antiochiae
1152 1332 1226 1390 civi.

126 1421 222 1470 tatem
236 1429 360 1468 exercita
374 1421 419 1469 eat
431 1409 565 1486 condere,
581 1415 636 1492 qui
642 1423 751 1490 postea
763 1415 923 1491 imperium
934 1415 1062 1474 molitu-r
1073 1413 1224 1490 invadere,

126 1495 282 1576 Apmniae
293 1493 454 1558 occiditur.
485 1497 525 1556 Et
539 1496 629 1556 inira.
656 1495 771 1556 Probua
784 1498 919 1557 tumultu
929 1498 1052 1561 militari
1064 1501 1146 1582 apud
1159 1501 1225 1562 Sir·

126 1581 221 1642 mium
238 1579 272 1638 in
283 1587 383 1656 turre,
406 1601 482 1661 quae
498 1581 611 1641 dicitur
622 1580 759 1656 Ferrata,
781 1579 942 1642 occiditur.

211 1660 337 1744 Κόσμον
359 1665 409 1746 ἔτη
430 1659 547 1750 ,τψοε’.]
570 1666 657 1725 huno
681 1665 719 1726 ab
740 1665 820 1724 orbia
841 1664 1034 1726 incunabulie
1051 1667 1143 1733 6770.
1159 1679 1189 1728 et
1206 1691 1224 1730 a

125 1747 238 1810 chricti
252 1750 284 1809 in
298 1751 444 1811 mundum
459 1751 591 1810 adventu
605 1755 679 1817 270.
701 1749 917 1824 Diocletianum
932 1749 1051 1829 imperii
1064 1753 1148 1812 Rom.
1164 1775 1224 1832 po-

123 1841 259 1894 tertatem
275 1845 467 1916 araequutum
481 1836 649 1897 communie
662 1845 725 1894 erat
737 1835 817 1896 inter
830 1835 996 1896 Hiatoricoa
1014 1837 1134 1914 Georgii
1146 1839 1225 1918 Syn·

124 1919 195 1978 celli
209 1929 344 2000 tempore
353 1924 455 1982 notio:
477 1931 559 1981 etex
572 1941 605 1980 ea
622 1919 818 2002 Theophanen
833 1919 953 2000 Georgii
968 1941 1093 1980 coaevae
1109 1932 1138 1981 et
1152 1943 1224 1982 con·

122 2005 258 2064 tiauetor
279 2007 385 2066 mundi
407 2008 501 2074 6770.
522 2003 718 2074 christete.
734 2015 764 2066 et
781 2005 957 2066 Diocletiani
975 2008 1107 2085 primum
1121 2007 1223 2069 atatim

123 2090 158 2149 in
183 2089 323 2150 hietorioe
347 2091 451 2152 limine
471 2091 561 2151 aimul
580 2091 731 2150 devinxit:
761 2110 800 2150 ex
822 2089 923 2150 eadem
940 2111 1043 2150 rureua
1065 2091 1130 2152 Cari
1153 2113 1222 2154 cum

122 2175 195 2235 iiliia
209 2175 330 2256 imperii
348 2177 512 2258 primordia
533 2177 567 2236 in
588 2196 683 2236 aanor
702 2175 808 2236 mundi
819 2175 968 2236 relaturae
983 2177 1128 2254 Georgica
1149 2177 1225 2257 ipae,

123 2261 280 2322 confertim
295 2282 333 2321 ex
343 2263 547 2344 praeiudicato
564 2261 596 2321 in
610 2260 716 2320 mundi
729 2262 823 2326 5775.
846 2257 945 2345 (annia
960 2261 1039 2322 enim
1054 2262 1138 2322 stetit
1153 2271 1225 2324 tan-

121 2355 189 2406 tum
202 2342 333 2431 duobua)
356 2347 496 2409 coniecit.
524 2345 653 2405 Calculia
666 2355 766 2404 tamen
778 2346 909 2428 propriis
921 2345 1080 2425 decipitur.
1107 2349 1224 2410 Probue

122 2451 272 2509 namquo,
302 2432 352 2490 cui
373 2451 488 2492 menaea
512 2439 640 2510 quatuor
652 2439 683 2498 ,et
702 2427 772 2486 anni
793 2447 847 2488 aex
867 2429 905 2488 in¹
918 2429 1045 2510 imperio
1067 2432 1225 2512 debentur,

123 2535 204 2574 anno
220 2515 325 2574 mundi
340 2515 432 2583 5770.
451 2525 578 2575 exeunte
592 2515 629 2574 ad
648 2513 807 2593 imperium
822 2522 965 2589 vocatur,
988 2515 1027 2572 ad
1041 2515 1134 2580 5776.
1150 2537 1225 2578 ver.

122 2609 236 2660 tentem
259 2608 288 2658 et
307 2599 476 2660 absolutum
496 2599 610 2661 tenuit:
640 2619 732 2679 quare
749 2599 860 2673 Carae,
880 2597 1079 2658 Numerianua
1093 2609 1123 2659 et
1137 2600 1224 2661 Carl-

123 2705 184 2747 nua
198 2705 277 2742 anno
294 2685 389 2750 5777.
402 2685 526 2745 ineunte
540 2686 594 2745 illo
608 2684 698 2766 potiti
719 2692 789 2764 poet
804 2703 899 2743 annot
911 2681 1005 2758 duee,
1026 2682 1058 2742 id
1073 2693 1116 2742 eat
1129 2688 1223 2752 6778.

122 2771 233 2848 finito,
254 2769 402 2850 imperare
422 2769 589 2830 desiccante
618 2789 710 2849 quare
731 2767 907 2847 Diocletiani
924 2767 1071 2848 auapicia,
1093 2767 1120 2828 ai
1141 2789 1223 2828 con-

122 2865 241 2918 atauter
263 2855 405 2934 loquatur
425 2855 585 2934 Georgius,
612 2855 645 2914 in
664 2853 769 2914 mundi
787 2854 879 2919 6779.
906 2849 1062 2914 removere
1090 2861 1221 2916 tenetur.

123 2943 202 3010 Aera
224 2961 317 3020 porro
336 2939 514 3000 Diocletiani
530 2962 547 2999 a
562 2940 682 3000 Graecia
694 2935 869 2998 authoribus
875 2986 886 3014 ,
907 2937 960 3017 qui
975 2936 1172 2998 Christianam
1187 2940 1222 3001 in

123 3025 233 3088 rnun'di
252 3029 345 3092 5600.
367 3027 544 3106 conserunt,
566 3026 604 3084 ad
623 3023 728 3084 mandi
740 3026 834 3090 5777.
853 3025 967 3103 posita,
989 3023 1136 3102 colligunt
1152 3025 1221 3104 ple-

122 3113 214 3191 rique
229 3119 400 3189 computum
413 3111 534 3171 illorum
549 3111 585 3170 ab
601 3111 713 3186 altero,
734 3109 819 3168 iuxta
836 3129 924 3187 quem
944 3107 1054 3170 Chrieti
1075 3111 1181 3168 natalie
1204 3131 1222 3170 a

123 3195 230 3256 mundi
246 3197 337 3261 6493.
353 3205 605 3278 praeoccupetur,
626 3195 747 3256 nullum
758 3192 866 3254 habere
877 3193 1047 3254 diecrimen.
1087 3193 1152 3255 Hac
1165 3215 1223 3254 ou-

122 3290 185 3341 tem
211 3283 485 3358 argumentatione,
516 3301 604 3362 quam
624 3281 689 3361 pari
710 3277 851 3340 methodo
880 3279 1028 3340 concertio
1051 3279 1223 3340 accommo-

124 3367 200 3428 dant
221 3365 313 3441 locio,
343 3367 501 3425 concilium
521 3388 552 3426 ae
573 3365 751 3426 atabiliviaoe
770 3365 961 3426 arbitrantur.
1005 3367 1080 3424 Aera
1099 3363 1222 3426 Diocle-

122 3452 200 3512 tiani
217 3450 340 3531 propria
356 3471 418 3510 nen
436 3472 530 3511 annor
543 3453 639 3511 aolum
653 3456 723 3518 277.
738 3471 755 3510 a
769 3448 881 3510 ebrini
897 3449 988 3510 natali
1001 3459 1145 3528 numerat,
1167 3451 1222 3510 aed

123 3537 255 3615 integros
269 3536 341 3601 284.
358 3545 517 3616 computus
537 3536 627 3616 igitur
641 3535 693 3595 ille
707 3535 887 3596 Graecorum
900 3536 986 3596 aonia
1002 3541 1032 3602 7.
1052 3555 1151 3596 errare
1165 3555 1221 3595 ar·

124 3623 247 3702 guitur:
270 3629 300 3681 et
317 3621 517 3681 emendationi
537 3621 725 3702 accipiendae
742 3619 816 3680 alioo
829 3641 923 3680 annor
939 3627 970 3687 7.
983 3621 1172 3700 expoatulate
1192 3619 1219 3679 ia

123 3727 197 3768 vero
214 3705 322 3786 estqui
338 3705 449 3766 Christi
466 3717 566 3770 ortum
576 3705 684 3768 mundi
698 3706 792 3773 6600.
808 3706 977 3784 contignat:
1000 3724 1091 3783 quare
1106 3711 1142 3763 ut
1155 3703 1219 3764 aine

122 3792 199 3854 vitio
221 3791 377 3872 procedat,
399 3792 431 3851 in
452 3793 600 3872 priorem,
629 3790 683 3872 qui
700 3801 800 3851 ortum
823 3791 949 3851 eundem
970 3787 1057 3848 annia
1077 3793 1106 3856 7.
1129 3797 1219 3848 ante*-

124 3877 231 3954 vertit,
260 3887 291 3936 et
308 3877 413 3936 mandi
434 3879 527 3945 5493.
550 3877 676 3953 addicit,
705 3875 857 3952 incurrat,
887 3883 918 3934 et
941 3873 980 3932 ad
1000 3873 1064 3934 eiua
1082 3891 1219 3934 normam

65 4002 72 4008 -
124 3961 294 4040 corrigatur
310 3981 460 4021 neccarum
478 3974 531 4024 eet.
567 3964 756 4042 Potiaaimum
771 3957 848 4034 hoc,
871 3978 930 4037 quo
945 3959 1101 4036 nituntur,
1121 3959 1219 4020 ratio-

122 4049 171 4110 nia
185 4067 288 4108 eorum
300 4045 393 4106 robur
408 4069 515 4128 parum
528 4051 607 4128 apud
622 4069 668 4108 me
683 4047 813 4120 valeret,
835 4042 894 4102 aiei
908 4043 990 4122 quod
1005 4043 1130 4104 validiua
1142 4065 1218 4124 pro·

122 4141 244 4214 ponunt
260 4131 462 4192 indictionum
478 4134 510 4194 in
522 4131 581 4194 hoc
596 4143 625 4194 et
637 4133 690 4192 illo
703 4137 863 4207 computo,
885 4127 987 4208 quoad
1005 4127 1117 4188 Chr-itti
1129 4137 1217 4188 nata-

122 4219 182 4278 lem
197 4217 284 4277 annia
296 4225 409 4296 reptem
422 4217 493 4277 totia
509 4219 663 4280 obaervata
675 4214 804 4274 variana
826 4211 916 4292 (quae
928 4211 1013 4272 nulla
1024 4223 1123 4272 tamea
1137 4213 1218 4272 inter

123 4303 330 4381 Chronologoa
353 4321 416 4362 eree
441 4300 593 4381 debuerat)
622 4298 705 4383 quod
731 4296 932 4377 meditantur,
960 4297 1126 4360 evinceret:
1157 4319 1217 4378 qua
