2944 4716
405 338 466 406 ΕΤ
484 335 835 412 ΔΝΝΟΤΔΤΙΟΝΕδ.
934 275 938 288 1
1090 329 1166 406 528

76 495 278 581 persingulas
293 495 462 578 provincias
478 496 784 578 vaaiupraeiinitnm,
805 497 909 560 aaran·
926 517 1039 560 annum
1052 499 1168 580 attigis-

78 592 156 644 sent.
198 581 274 642 Nam
287 582 340 662 qui
355 581 547 662 descriptioni
559 592 712 662 praeerat,
733 592 764 643 et
778 583 986 664 censualibus,
1009 605 1063 647 ssu
1077 587 1168 650 dcto-

77 689 148 730 rum
161 666 266 744 libris,
286 687 398 726 annum
411 667 516 726 astatis
531 666 762 746 uniuscuiusque
783 671 938 730 consitioni
954 669 1094 750 obnoxii,
1115 673 1168 732 sd-

76 751 218 829 natabat,
239 752 420 832 addebatque
439 750 561 810 modum
577 771 680 810 census
692 772 728 810 ac
740 761 872 833 tempus,
894 775 953 834 quo
972 777 1093 820 censum
1108 759 1170 818 201.

76 847 352 983 litltttt‘tt
365 836 772 1000 ttlztztitttftt
786 840 1170 1002 iffn‘iffldissdiiss

81 1009 197 1068 uiarum
215 1007 295 1067 varia
311 1016 341 1066 et
354 1005 496 1066 distincta
509 1005 577 1069 suit.
599 1007 678 1086 Syrii
693 1016 787 1084 certe,
804 1007 840 1066 ab
855 1007 941 1066 anuis
954 1013 1002 1076 12
1014 1011 1168 1090 foeminae,

79 1115 98 1152 a
121 1093 171 1158 14.
192 1092 335 1167 masculi,
355 1090 468 1150 tributo
488 1089 609 1170 obligati
631 1093 726 1154 suere:
753 1101 787 1152 ut
804 1091 841 1151 ab
860 1091 990 1172 Ulpiano
1013 1093 1170 1158 didicimus

79 1179 102 1241 1.
124 1181 155 1242 3.
178 1176 214 1235 l).
234 1177 272 1236 de
296 1175 457 1262 tenebas„
480 1175 564 1236 Idem
584 1177 771 1238 observatum
787 1177 867 1258 apud
889 1177 963 1238 alios
985 1178 1100 1260 plures,
1120 1181 1172 1240 in-

79 1263 178 1341 deque
191 1262 317 1336 famum,
339 1261 438 1328 ut15.
454 1261 540 1322 annis
554 1272 704 1323 constaret
724 1263 860 1326 indictio.
902 1263 978 1324 Nam
994 1265 1027 1324 in
1050 1264 1173 1344 quinde-

80 1347 222 1408 cennium
234 1345 325 1406 fiebat
342 1345 519 1426 descriptio:
540 1345 631 1432 inque
649 1348 766 1428 longius
779 1357 895 1430 tempus
919 1348 985 1410 fieri
1005 1361 1068 1410 n'ou
1083 1359 1174 1432 pote-

78 1442 137 1495 rat.
155 1431 289 1491 Necdum
304 1430 382 1490 euim
394 1439 458 1490 tum
471 1431 551 1508 nati,
573 1433 624 1512 qui
636 1435 775 1514 proxime
787 1435 921 1514 sequenti
936 1435 1050 1496 decimo
1066 1436 1173 1516 quinto

78 1537 162 1578 anno
185 1516 341 1576 functione
362 1517 507 1576 onerandi
525 1525 619 1576 eraut.
668 1517 822 1578 Variatum
844 1518 951 1580 deinde
971 1530 1033 1598 est,
1061 1531 1091 1582 et
1111 1521 1173 1581 iam

77 1600 206 1683 Ulpiani
224 1599 318 1681 ipsius
343 1609 452 1671 aetate,
483 1599 566 1661 alirid
582 1601 694 1681 iugatio
711 1603 786 1677 luit,
807 1602 892 1663 aliud
908 1604 1059 1684 ospitatio.
1101 1607 1175 1686 agn·

77 1685 247 1767 siquidem,
268 1693 303 1745 ut
320 1705 388 1745 cum
403 1685 588 1746 Tertulliano
607 1688 733 1767 loquar,
753 1687 867 1746 tributo
887 1689 1002 1766 onusti,
1024 1699 1053 1748 et
1071 1689 1175 1750 bomi-

75 1791 158 1834 num
179 1769 276 1849 capita
290 1769 438 1850 stipendio
454 1791 540 1830 censa
555 1773 648 1832 fuere.
691 1773 738 1834 Ex
750 1773 900 1853 primaeva
915 1783 1012 1832 autem
1029 1773 1081 1833 illa
1101 1794 1175 1834 cen-

76 1857 208 1929 sitione,
238 1865 268 1916 et
284 1855 364 1914 illud
386 1855 525 1916 utilitatis
549 1877 695 1936 emergere
719 1858 818 1919 voluit
837 1857 1080 1926 Cassiodorus-8.
1104 1859 1174 1919 Vsr.

79 1941 167 2023 Epis.
189 1944 241 2007 52.
268 1941 351 2020 quod
373 1941 451 2000 nolli
475 1961 528 2002 sua
546 1941 663 2002 incerto
685 1943 851 2024 possessio:
884 1943 1043 2024 Augusti,
1066 1943 1176 2022 inquit,

80 2025 269 2106 temporibus
286 2026 369 2085 orbis
383 2028 546 2087 Romanus
565 2031 652 2108 agris
669 2027 810 2105 divisus,
832 2049 995 2110 cereamque
1010 2027 1179 2110 descriptus

83 2123 149 2186 eat,
170 2120 206 2170 ut
214 2113 366 2190 possessio
380 2133 440 2171 ano
453 2113 536 2172 nulli
552 2113 715 2174 bubastus·
730 2117 864 2191 incerta,
888 2135 981 2195 quum
995 2133 1055 2194 pro
1077 2113 1178 2174 tribu-

84 2209 187 2256 torum
207 2207 380 2278 susoqrerat
395 2197 762 2278 quantitate-solvendam.
802 2199 928 2260 Initium
950 2219 1022 2260 vero
1037 2199 1179 2260 indictio-

83 2280 247 2343 numidam
266 2282 348 2362 quod
364 2284 435 2344 anni
449 2283 523 2343 suit:
544 2283 779 2361 sicqueliomani
790 2293 861 2364 post
872 2285 1031 2347 solstitium
1045 2283 1181 2362 hiemale,

84 2366 192 2428 Graeci
209 2367 333 2448 aprima
352 2368 508 2427 lunatione
523 2375 592 2446 post
612 2367 833 2445 aequinoctium
852 2370 1032 2430 Autumnale
1054 2391 1182 2452 compu-

83 2460 192 2513 tarunt
204 2451 398 2513 indictiones.
442 2452 575 2530 Cumque
591 2450 641 2510 isti
655 2470 770 2511 musea
789 2452 929 2528 mobiles,
951 2474 1014 2513 non
1032 2453 1126 2529 fixos,
1146 2463 1184 2515 ut

82 2535 214 2599 Romani
225 2533 401 2594 habuerint:
422 2535 598 2616 primusque
616 2555 720 2595 eorum
733 2536 842 2596 mensis
857 2535 894 2595 ab
909 2537 975 2618 ipsa
987 2536 1083 2618 prima
1096 2539 1183 2598 luna.

82 2625 170 2683 tione
182 2628 252 2698 post
259 2619 483 2697 aequinoctium
503 2619 685 2680 Autumuala
700 2619 850 2701 coeperit,
873 2642 949 2701 quae
963 2631 997 2682 ut
1019 2621 1184 2702 plurimum

85 2709 139 2777 24,
169 2703 350 2785 Septembris
374 2703 580 2783 contingebat,
608 2706 719 2766 iactum
743 2715 802 2784 est,
830 2714 865 2766 ut
884 2708 1017 2767 Romana
1042 2704 1183 2782 Indictio‚

85 2793 175 2852 aliam
197 2787 360 2868 epocham,
383 2807 472 2868 quam
492 2787 640 2851 babuerit.
683 2791 827 2851 Graecam
848 2801 945 2851 autem
963 2789 1081 2872 sequuti
1101 2799 1181 2864 sunt,

85 2877 226 3022 tritt
237 2873 777 3041 ttt‘tttltlttttttl‘t
785 2875 1118 3038 tillium?
1120 2875 1182 3020 ‘1¹3⁰

207 3003 215 3018 0
611 3003 621 3040 ,
762 3004 772 3024 O
1158 2991 1182 3010 ⁶

87 3047 235 3107 dictiones
248 3063 349 3104 mense
369 3045 535 3124 Septembri
550 3045 693 3126 incipere.
735 3046 775 3107 dt
792 3045 1052 3110 Rom.,Pontiiices
1066 3065 1183 3126 sempor

87 3153 174 3192 suam
186 3129 350 3206 retinuere,
371 3129 530 3210 adhucque
543 3129 633 3190 hodia
646 3131 786 3192 retinent.
828 3131 953 3193 Maximi
967 3132 1005 3194 ds
1016 3131 1183 3194 Indictione

89 3215 238 3278 sententia
251 3214 363 3294 legitur
377 3215 513 3276 ductarii
529 3215 681 3277 Petsviani
696 3237 763 3299 pag.
776 3221 850 3284 833.

176 3297 341 3382 Κικέρωνό
356 3296 481 3383 ῥήτωρ]
493 3301 717 3382 ⁹Aornroqqeiae
730 3303 890 3384 Georgium
904 3311 1024 3364 accusat
1036 3301 1184 3382 Patavina,

89 3386 177 3470 qussi
195 3387 368 3469 Ciceronem
383 3385 514 3446 secundo
530 3385 580 3446 vel
594 3389 683 3448 tertio
696 3387 822 3467 Augusti
841 3409 919 3450 anno
938 3387 1120 3450 trucidatum
1139 3391 1184 3450 si-

88 3471 263 3534 firmsverit.
300 3469 411 3530 Verum
423 3481 484 3530 tam
497 3471 647 3532 Ciceronis
669 3483 809 3548 mortem,
830 3493 917 3555 quam
932 3476 1084 3558 sequentia
1098 3495 1187 3556 quse·

89 3577 167 3640 que,
187 3557 248 3616 imo
262 3555 358 3637 ipsam
373 3555 549 3617 indictionis
562 3557 780 3619 institutionem
795 3555 966 3644 coopddqo,
988 3570 1019 3622 et
1032 3581 1088 3642 per
1104 3569 1187 3619 satu.

88 3665 174 3720 ram,
194 3641 317 3702 bomsdi
329 3661 476 3701 annorum
493 3641 585 3709 5468.
599 3644 649 3702 vel
662 3644 755 3712 5459.
767 3654 797 3704 et
809 3647 1034 3707 succedentibus
1055 3644 1187 3726 appingi,

89 3728 178 3810 quasi
194 3727 247 3788 snb
268 3727 302 3787 id
321 3735 441 3811 tempus
460 3727 613 3806 sequentia
628 3747 761 3810 quaeque
773 3741 894 3792 narrata
909 3729 1066 3808 contigisse
1085 3727 1188 3790 decla-

88 3823 215 3958 reptur,
236 3823 365 3874 noscent
376 3811 494 3874 abundo
508 3813 561 3894 qui
575 3812 771 3896 Georgianam
785 3815 935 3878 scribendi
956 3813 1102 3878 rationem
1115 3833 1187 3896 per-

88 3900 121 3960 vi
143 3900 230 3963 erint.
505 3919 508 3926 ·

178 3986 218 4048 Ol
228 3979 387 4066 Ἀντιοχεῖς
407 3981 499 4048 taen
512 3975 696 4068 ἅριθμοῦσιν
709 3981 783 4061 roda
795 3977 897 4050 adedo
907 3975 1058 4068 χρόνους]
1079 3981 1190 4046 Antio·
1207 3997 1239 4058 Ρ.
1251 3997 1286 4058 n

90 4069 204 4130 chanao
227 4088 312 4130 seras
331 4079 450 4130 certum
473 4068 672 4130 institutionis
692 4089 804 4130 annum
831 4091 894 4131 non
914 4071 1045 4152 assignat
1066 4068 1191 4136 Autbor.

89 4155 139 4215 Ad
155 4153 284 4235 Augusti
297 4163 413 4234 tempus
427 4173 491 4214 eam
505 4173 660 4216 revocasse
680 4156 784 4216 nullus
800 4154 1018 4236 suspicabitur,
1040 4157 1092 4238 qui
1107 4175 1191 4238 prae·

91 4247 205 4300 sentem
226 4237 403 4322 periocham
426 4238 507 4300 inter
528 4239 653 4320 Augusti
672 4249 753 4320 gesta
773 4247 803 4299 et
826 4249 896 4321 post
917 4249 1101 4302 annumeratos
1128 4242 1191 4304 eius

93 4345 189 4387 annos
205 4323 434 4387 animadvertite
456 4324 621 4405 quinimmo
641 4323 711 4387 Iulii
722 4325 858 4388 &esuris
875 4325 965 4388 aetati
981 4325 1085 4411 potius
1106 4325 1191 4390 adut.
1291 4353 1297 4360 ·

1106 4533 1111 4568 t
1226 4579 1229 4587 ι
