2960 4716
280 325 330 404 ss
755 335 892 408 cosio
953 389 990 430 ,.

283 495 400 560 euasi·
412 498 443 558 s'n
458 514 649 578 carpuneno
664 507 813 577 possessa,
834 508 899 559 tom
906 517 966 576 pro
969 493 1051 576 fidos
1064 497 1252 574 mmuutsu,
1273 505 1373 576 panas

274 603 335 664 pro
355 583 523 641 multarum
539 583 687 642 virtutum
708 583 898 663 insignibus,
918 595 1042 644 saunas
1064 583 1222 642 muntia
1243 585 1373 644 thracii

280 669 396 747 Regiae
420 665 506 724 urhis
530 667 692 728 Praetulit
710 668 864 747 Syncdlua
884 667 1006 748 effectus
1026 677 1081 728 sat.
1128 665 1190 730 Sed
1209 689 1247 726 nr
1266 669 1372 730 multa

274 771 461 834 prosequar,
482 753 621 831 sufficere
631 751 778 830 arbitror,
796 751 1045 833 adpraesentent
1058 755 1140 826 eius,
1162 751 1280 834 quoda
1294 751 1373 814 Sede

279 837 466 917 opplebatur
487 837 529 896 ait
556 836 756 916 Apoawlicar
785 835 909 918 quando
933 841 1046 900 scilicet
1073 839 1193 898 Wcuris'
1214 840 1281 896 eina
1303 858 1373 898 uun

279 943 350 982 cum
372 924 510 982 trecentis
530 925 759 1004 quinquaginta
778 921 928 982 Patribus
951 925 986 984 in
1007 925 1125 984 Νίσαια
1146 923 1220 983 urhe
1237 921 1371 984 comato

277 1009 479 1068 convenientes
489 1009 689 1067 universalem
702 1006 857 1087 Synodssm
867 1008 1072 1072 celebrarunt.-
1090 1006 1244 1089 etquidem
1255 1017 1286 1068 ct
1295 1009 1372 1068 seu·

278 1095 345 1152 sias
362 1095 396 1152 irs
409 1089 510 1152 eodem
522 1095 648 1172 septim
661 1105 692 1152 et
707 1104 812 1154 sunno
830 1097 957 1155 coneilio
972 1095 1129 1174 reperitur.
1172 1093 1254 1167 Quot
1273 1113 1372 1154 annos

277 1176 499 1260 posthabitam
517 1179 672 1257 synodum
696 1178 899 1260 aspersverit,
925 1180 1154 1260 incompertum.
1198 1179 1286 1236 Certe
1303 1198 1372 1238 non

277 1262 337 1324 aiei
352 1261 504 1324 Tarasioe
524 1263 602 1323 vivis
618 1263 750 1339 sublato,
773 1263 836 1324 eius
856 1265 998 1326 uisdirusu
1019 1264 1124 1324 mortis
1153 1270 1185 1323 et
1206 1259 1371 1342 Nicephori

277 1346 456 1408 successoris
471 1367 550 1406 anuo
566 1347 670 1425 sertio,
691 1349 742 1430 qui
757 1347 896 1429 syncello
910 1347 951 1432 18)
971 1349 1030 1430 ipsi
1041 1351 1080 1408 ab
1095 1348 1166 1410 orbe
1181 1345 1312 1408 condus
1322 1365 1370 1408 se-

277 1431 342 1492 xies
355 1432 526 1494 millesimus
543 1441 574 1492 et
585 1439 633 1492 ter
647 1433 839 1512 centesimus,
862 1455 879 1498 s
894 1431 1003 1498 Christi
1021 1433 1165 1494 natalitiis
1182 1433 1370 1509 octingente-

260 1516 382 1596 simus,
404 1526 490 1577 etex
509 1517 634 1578 certiori
652 1519 768 1578 calculo
790 1523 853 1587 792
867 1529 1053 1596 numeretur,
1074 1516 1231 1598 scriptioni
1246 1533 1370 1576 mensem

278 1601 458 1700 admovisse,
479 1601 543 1681 ipse
560 1601 644 1661 testis
665 1611 710 1663 ost
730 1603 921 1666 certissimus.
964 1603 1054 1678 Quod
1069 1614 1168 1664 sutem
1187 1601 1368 1682 scriptionis,

276 1686 1232 1852 tiltittltttttlltettffizfflstsli
1246 1705 1370 1833 itt

276 1875 408 1917 errorem
427 1854 510 1916 houd
531 1857 664 1936 syncelli
687 1866 811 1918 aetatem
831 1868 975 1938 arguunt,
999 1857 1051 1937 qui
1075 1857 1173 1918 virilia
1190 1857 1295 1916 saltem
1314 1873 1370 1916 ae-

276 1942 346 2000 tatis
362 1951 392 2002 et
409 1939 566 2019 Presbyter
580 1952 785 2020 consecratus,
808 1942 958 2006 exhaustis
977 1961 1040 2004 non
1061 1943 1145 2003 brevi
1160 1951 1296 2024 tempore
1309 1959 1370 2020 pro

276 2027 336 2086 ilde
347 2025 458 2086 tuenda
471 2025 621 2086 laboribus
636 2024 677 2105 ιο)
685 2072 694 2102 ,
717 2025 845 2088 concilio
858 2027 987 2093 Nicasuo
1005 2026 1166 2108 posteriori
1175 2025 1276 2086 adluit
1287 2044 1369 2084 suno

277 2113 377 2186 6279,
397 2131 415 2170 a
434 2129 497 2190 quo
516 2110 625 2172 deinde
651 2113 854 2194 praeterlapso
879 2113 917 2172 ad
944 2117 1046 2188 6800,
1069 2131 1128 2194 quo
1148 2131 1180 2172 aa
1201 2109 1369 2172 scribendis

227 2227 235 2250 t
278 2193 434 2256 chronicis
453 2193 587 2270 addixit,
608 2215 756 2256 annorum
774 2197 881 2276 viginti
898 2208 928 2258 et
948 2196 1038 2258 unius
1053 2196 1164 2276 spolio,
1185 2205 1256 2276 pust
1272 2213 1370 2254 mnus

277 2279 354 2338 duos
368 2289 399 2340 at
420 2277 650 2358 quinquaginta,
672 2281 731 2340 nisi
746 2281 936 2346 centesimum
957 2283 1046 2360 longe
1061 2289 1281 2361 praeterveetus
1301 2299 1370 2340 me-

275 2363 360 2426 dium
371 2364 458 2424 illam
468 2357 617 2424 Historiae
630 2373 748 2425 textum
762 2369 908 2446 attingere
918 2387 981 2428 non
991 2367 1107 2447 potuit:
1128 2383 1255 2444 cumque
1265 2362 1371 2428 Theo·

274 2449 388 2532 phanes
399 2449 521 2529 insuper
534 2447 616 2509 vitas
628 2460 777 2530 superstes
789 2462 818 2512 et
832 2452 930 2532 operis
943 2451 1073 2532 suscepti
1085 2449 1276 2510 continuator
1287 2449 1371 2508 Leo-

274 2535 323 2596 nis
337 2533 469 2594 dinami
489 2542 665 2614 tenpestate
683 2533 794 2595 Christi
811 2540 881 2602 818.
903 2535 946 2618 (et
965 2557 1003 2598 ex
1023 2533 1209 2616 Theophanis
1223 2533 1319 2614 ipsius
1337 2543 1371 2594 et

276 2619 396 2698 Georgii
417 2617 550 2698 syncelli
568 2627 710 2700 computo
727 2619 813 2700 826.)
835 2639 852 2678 e
871 2621 949 2684 vivis
973 2619 1151 2697 nomenis,
1172 2639 1230 2698 qua
1248 2617 1370 2679 rstioua

275 2705 420 2782 Georgius
442 2711 541 2764 morte
554 2713 730 2786 praereptus
752 2705 790 2764 ed
809 2705 873 2772 852
890 2707 1037 2783 ,evolsrit,
1058 2706 1208 2766 incertum
1234 2703 1368 2764 omuino.

274 2788 474 2849 Excedentem
493 2807 641 2849 annornm
654 2790 869 2870 quinquaginta
889 2811 1032 2851 summam
1045 2785 1116 2874 ,erpi
1128 2789 1177 2850 vel
1191 2783 1274 2873 ,rard
1288 2787 1368 2864 vice,

275 2873 430 2932 librarium
445 2867 534 2957 ,grad
548 2875 748 2951 substinuisse,
769 2877 886 2945 nullus.
905 2885 941 2936 ut
952 2893 1028 2950 reor,
1044 2875 1160 2953 sapiens
1173 2871 1368 2932 inficiabitur.

360 2957 480 3034 Georgii
493 2957 635 3035 syncelli,
657 2960 737 3038 quod
749 2959 886 3039 reliquit,
907 2979 983 3040 opus
996 2967 1050 3035 est,
1072 2957 1296 3039 quam-publico
1308 2957 1369 3016 da-

273 3059 356 3120 mus,
379 3039 634 3120 Ghmnogrsphia.
678 3043 719 3104 Es
735 3043 880 3105 duntaxat
897 3044 993 3104 oeulis
1014 3043 1164 3123 exposita,
1186 3043 1270 3104 velat
1283 3041 1369 3120 ignes

272 3127 415 3188 nocturni
429 3145 483 3206 per
501 3133 600 3186 a'c‘rem
612 3125 788 3206 volitantes,
810 3139 840 3189 et
858 3129 1024 3189 errabunda
1037 3129 1134 3188 sidera
1151 3127 1229 3190 visui
1248 3147 1303 3206 per
1318 3137 1369 3186 te-

274 3212 381 3272 nebras
395 3211 551 3272 illudentis
565 3211 636 3271 solis
651 3213 783 3273 adventa
795 3214 1022 3292 extinguuntur,
1036 3213 1160 3292 itaquae
1173 3233 1190 3270 a
1203 3211 1293 3272 variis
1310 3231 1370 3270 su·-

276 3296 410 3355 ctoribus
432 3297 512 3356 circa
527 3297 645 3373 Georgii
662 3299 809 3378 syncelli,
830 3297 1035 3380 Theophanis,
1056 3297 1176 3378 Georgii
1190 3296 1370 3373 Hamartoli,

275 3381 463 3460 aliorumque
481 3381 594 3461 scripta
607 3381 854 3443 hallucinationes
868 3393 979 3445 temere
994 3386 1132 3445 subortae
1147 3391 1235 3459 sant,
1258 3380 1370 3462 operis,

274 3466 417 3545 inquam,
438 3465 524 3524 istius
536 3465 585 3525 vel
603 3467 696 3526 unico
712 3469 824 3528 intuitu
836 3469 869 3530 iu
883 3481 1008 3532 ventum
1024 3480 1054 3530 et
1068 3470 1165 3529 suasos
1175 3475 1368 3529 evanescent.

275 3551 407 3610 Cunctas
425 3549 553 3608 Allatius
569 3551 723 3631 diligenter
739 3555 950 3634 pertractavits
976 3573 1032 3614 nec
1051 3551 1260 3634 repetendum,
1285 3550 1370 3629 quod

276 3655 294 3695 a
310 3633 473 3716 praestanti
485 3645 736 3717 praeoccupatum
749 3639 877 3715 indicio,
898 3641 950 3702 sed
965 3639 1047 3719 quod
1060 3638 1202 3702 discussit
1218 3653 1370 3696 commen.

274 3717 603 3796 dandumtstudicsus,
633 3733 663 3781 et
690 3723 773 3802 quod
805 3724 927 3804 scripsit
958 3723 1111 3806 operosius
1144 3719 1370 3804 perlegendum.

275 3807 377 3866 Unum
390 3805 468 3881 dico,
490 3805 610 3884 Georgii
622 3809 753 3887 syncelli
766 3829 842 3890 opus
853 3819 898 3868 est
909 3810 999 3886 istud,
1015 3829 1070 3868 nec
1080 3803 1254 3880 Hamartoh',
1271 3801 1371 3864 Theo-

275 3891 401 3974 phanis,
421 3891 472 3952 vel
485 3890 605 3968 Georgii
618 3894 707 3952 ctiam
720 3895 842 3953 alterius
853 3893 986 3973 syncelli
998 3894 1111 3972 scripta
1124 3913 1194 3952 cum
1206 3889 1292 3950 istius
1302 3908 1372 3950 uru-

275 3987 419 4036 numento
441 3977 603 4058 praecipuo
624 3987 734 4038 temere
758 3978 977 4042 confundenda.
1029 3979 1143 4038 Habent
1165 3974 1369 4051 Hamustolus,

272 4059 468 4144 Theophanes
488 4057 546 4144 ²⁶),
573 4069 604 4120 ct
628 4061 774 4142 Georgius
793 4065 881 4124 etism
902 4063 1061 4144 syncellus
1085 4063 1161 4124 alter
1181 4059 1371 4143 (manifestus

311 4259 367 4382 sep
369 4259 515 4397 1:33,st
516 4263 575 4384 voh·
606 4257 653 4331 ss)
666 4261 731 4332 reg.
744 4262 805 4317 sor.
818 4261 849 4318 s.
902 4263 949 4330 15)
966 4261 1192 4332 annessae
1248 4261 1297 4330 se)
1311 4259 1372 4315 ns.
