2944 4716
405 401 466 471 ΕΤ
485 399 837 478 ANNOTATIONES.
1088 397 1165 482 616

85 558 148 620 lude
159 558 315 622 historiam
329 563 448 628 et'281.
463 560 500 623 D.
527 559 571 620 De
589 557 726 623 leeouee
750 564 815 642 laen
834 563 899 639 filie
922 563 1029 626 sirach
1046 563 1163 630 divereo

83 644 184 706 iterum
204 645 348 724 Georgiue
363 662 429 724 pag.
441 647 515 712 286.
534 644 570 706 D.

156 732 225 810 Peg.
246 735 319 798 277.
331 725 405 792 ’Ὁτι
419 733 461 810 τῷ
480 721 550 812 ulf.
569 728 720 810 daoeleiog
731 726 900 813 Ἑλλήνων]
920 733 1052 814 Regnum
1067 733 1164 797 Grae·

83 833 195 892 eorum,
217 813 254 876 de
278 835 338 894 quo
351 813 483 876 hlacceh.
501 819 529 882 1.
545 835 611 894 cap.
628 822 657 882 l.
673 835 706 878 v.
719 819 770 881 11.
789 815 871 878 idem
895 817 976 894 quod
991 820 1164 882 Seleucida..

82 917 157 977 rum,
179 909 250 980 poet
262 898 423 959 Alexandri
438 898 478 957 Μ.
491 897 606 958 obitum
624 908 654 958 et
669 919 763 959 aanor
777 899 933 979 duodecim
951 905 1101 984 propriam
1119 904 1163 966 ei·

82 983 109 1042 bi
121 1005 216 1045 aeram
231 984 404 1060 constituit,
425 1003 442 1044 e
458 983 541 1042 cuiue
554 982 649 1043 limite
666 983 806 1065 proximo
823 984 862 1044 ed
876 983 1016 1044 Antiochi
1029 987 1163 1068 Epipha-

81 1068 123 1126 uie
139 1079 258 1149 tempur
280 1069 426 1128 Eusebius
448 1077 477 1127 et
495 1067 545 1146 qui
567 1088 667 1130 eacroe
684 1068 813 1130 Annalee
832 1079 997 1130 tractavere
1017 1071 1162 1148 Salienue,

82 1152 258 1230 Tomiollue,
281 1153 426 1231 Scaliger,
446 1153 601 1231 Patavina,
622 1164 653 1214 et
672 1154 724 1215 elii
738 1175 798 1216 una
814 1173 883 1214 eum
898 1174 983 1214 eecro
1002 1162 1089 1214 textu
1103 1175 1164 1217 an-

80 1257 129 1296 noe
144 1243 217 1306 187.
237 1247 407 1299 numerant.
451 1237 595 1316 Georgica
617 1248 719 1300 noeter
736 1240 798 1300 fixa
821 1239 860 1300 ed
876 1259 986 1300 annum
1001 1239 1165 1301 Alexandri

80 1333 200 1384 mortem
221 1331 378 1400 aequatum
401 1321 624 1384 Seleucidarcm
645 1343 728 1403 aare,
749 1335 779 1386 et
803 1344 881 1384 euno
904 1345 962 1385 uno
980 1325 1112 1403 Seleuci,
1133 1333 1166 1386 et
1194 1373 1198 1382 ,

79 1407 168 1468 altero
184 1405 325 1468 Antiochi
339 1407 479 1466 Callinici
490 1427 581 1486 regno
599 1419 717 1488 praeter
733 1407 850 1468 Enaebii
865 1409 996 1470 calculoe
1015 1411 1163 1472 conoeeeie
1268 1435 1272 1442 ·

79 1511 170 1552 annor
184 1495 255 1558 189.
270 1491 307 1550 ab
322 1490 486 1552 Alexandri
501 1491 585 1552 obitu
599 1491 637 1552 ad
652 1503 848 1552 memoratum
864 1493 1046 1574 Epiphanem
1060 1497 1163 1556 Antio-

77 1575 166 1637 chum
183 1575 283 1657 ponit:
305 1597 340 1636 ec
359 1575 484 1656 ineuper
498 1583 565 1637 toto
586 1576 730 1636 decennio
743 1598 760 1635 e
775 1579 926 1638 communi
942 1579 1163 1640 Seleuciderum

75 1681 142 1720 aera
156 1661 320 1739 divagatur,
339 1662 421 1742 quod
437 1660 522 1720 annia
536 1661 703 1740 duodecim,
721 1661 805 1742 priua
823 1679 911 1740 quam
927 1661 1083 1741 perforet,
1099 1683 1163 1725 eam

73 1745 210 1812 etabiliae
229 1765 370 1826 praecepa
394 1746 595 1809 anteverterit.
645 1745 765 1825 Georgii
787 1745 1014 1806 hallucinationi
1033 1747 1164 1807 demon-

73 1829 214 1892 etrendae
232 1832 375 1918 propriae
387 1839 527 1891 occurret
538 1830 621 1890 locue
635 1831 674 1890 ed
688 1851 755 1910 pag.
772 1835 843 1899 285.
869 1831 1091 1910 Quemcumque
1101 1831 1165 1892 eiua

75 1933 206 1975 errorem
228 1924 259 1974 et
279 1935 426 1976 annorum
443 1917 591 1975 defectum
610 1917 823 1976 emendatiorae
846 1925 965 1978 noetrae
981 1915 1099 1974 tabulae
1113 1935 1164 1976 re·

75 2000 200 2059 stituent
218 2000 255 2058 ed
278 2000 373 2081 ipeiue
395 2000 515 2079 Georgii
536 2009 680 2077 mentem,
701 2001 754 2080 qni
770 2001 841 2060 licet
863 1999 1165 2080 Syromacedonieum

74 2083 233 2162 imperium
253 2085 473 2150 aih-Alexandri
493 2083 577 2144 obito
591 2105 809 2166 nonnunquam
821 2085 990 2163 emetiatur,
1010 2085 1048 2145 ad
1067 2085 1165 2144 caeti-
1213 2121 1215 2130 ι

75 2169 200 2246 gatioree
213 2171 344 2231 ceieuloe
360 2171 539 2251 quandoque
553 2189 707 2245 revereue,
729 2171 766 2229 ab
782 2170 868 2230 annia
883 2169 1097 2252 poeteriorihue
1110 2171 1165 2230 de-

76 2252 247 2396 dpceudum
257 2256 421 2338 permittit,
443 2255 481 2316 de
497 2273 558 2334 quo
572 2263 645 2314 nota
660 2254 802 2315 inferiore
815 2265 898 2316 eexta
914 2263 1052 2316 occurret
1064 2275 1166 2318 exem·

107 2357 168 2401 uua.

72 2357 93 2418 P
156 2423 225 2502 Peg.
247 2430 319 2492 282.
343 2422 453 2504 Time]
474 2421 560 2484 Titue
578 2420 721 2498 Quintiae
744 2420 856 2482 conam
876 2420 915 2481 ad
941 2441 1053 2482 annum
1076 2423 1112 2488 V.
1131 2425 1164 2487 G.

75 2507 143 2576 555.
161 2527 232 2568 cum
243 2518 328 2569 texto
345 2509 442 2570 Aelio.
580 2581 583 2592 .

159 2605 296 2691 ssepvede
318 2609 368 2690 ἔτη
388 2601 428 2688 η’.
448 2605 500 2670 uui
518 2611 617 2691 μῆνας
638 2601 693 2688 θ’]
720 2605 837 2668 Luheue
858 2627 1032 2688 reponerem
1057 2603 1111 2688 ἔτη
1123 2602 1165 2669 θ’.

75 2695 122 2758 καὶ
138 2697 240 2777 μῆνας
257 2688 301 2756 θ’.
323 2691 444 2754 Author
459 2692 536 2753 enim
552 2715 617 2775 pag.
632 2698 703 2760 267.
717 2693 751 2752 Β.
772 2711 830 2773 qua
846 2692 885 2754 de
898 2691 1094 2752 Macedonum
1112 2711 1166 2750 re-

75 2781 156 2858 gibne
168 2779 314 2839 hietorice
327 2787 452 2856 hamat,
475 2779 637 2862 completae
657 2779 758 2852 decem
776 2795 871 2837 annue
878 2821 888 2855 ,
909 2783 999 2858 prout
1020 2773 1165 2837 Eueehiue

76 2875 103 2925 et
117 2883 277 2947 euganeae,
298 2863 478 2946 impertitur.
964 2909 969 2920 ,

161 2967 413 3044 Ψουδοφίλιππος
429 2963 493 3041 ἔτος
508 2963 564 3046 tn]
585 2963 736 3026 Eusebius.
761 2957 1042 3042 Peeuclophilvppue
1056 2969 1164 3040 regnat

77 3055 108 3110 in
122 3049 306 3112 Macedonio
330 3071 409 3110 anno
435 3073 505 3110 uno.
548 3049 676 3130 Scaliger
698 3049 730 3110 in
750 3045 997 3124 Pecudoeueebio.
1044 3047 1164 3110 Ψευδο·

77 3139 221 3218 φίλιππος
232 3135 419 3216 ἐβασίλευσεν
435 3135 483 3218 ἔτη
501 3127 569 3198 edo.

64 3249 66 3256 '
154 3231 298 3312 Ἐνοςλλᾶξ
317 3233 530 3318 ἐβασίλευσεν]
552 3233 666 3296 Primae
680 3233 765 3295 vocis
786 3233 919 3294 defectus
934 3228 1053 3294 e'eueuni
1071 3230 1164 3291 muti-

76 3319 136 3382 lum
163 3321 257 3383 efficit
277 3321 468 3400 Scaligeriani
490 3320 609 3382 Eusebii
628 3339 694 3398 pag.
720 3319 771 3386 54.
800 3319 1000 3378 obscuriorem
1026 3315 1164 3395 interim,

75 3407 231 3486 particulie
244 3401 436 3488 ἐχρημάτισεν
450 3397 523 3484 οὖν,
544 3405 578 3464 in
593 3397 784 3485 impiatum
799 3397 894 3480 rivae,
914 3401 1047 3466 mutatie.

155 3511 226 3600 ,Pe-
246 3502 370 3576 aaa-'v
385 3500 668 3591 aaronem
689 3499 800 3593 nu
830 3501 1047 3588 mocon·
1068 3503 1165 3564 sco·

76 3595 137 3671 geri
152 3615 255 3656 errem
275 3593 325 3675 leg
337 3587 375 3674 μ’.

160 3691 245 3758 Kavad
257 3690 314 3776 τήν
333 3688 400 3777 pte.
414 3683 625 3772 Ὀλυμπιάδα]
647 3689 778 3771 Scaliger·
797 3689 835 3750 ad
851 3687 969 3750 Eoeebii
979 3695 1162 3768 ⁴computum

75 3775 152 3842 nord
170 3773 226 3861 viia
249 3772 325 3861 ptd'.
347 3773 542 3858 Ὀλυμπιάδα.
569 3774 704 3853 Author,
726 3773 883 3836 duodecim
903 3773 989 3834 annia
996 3819 1006 3850 ,
1032 3781 1069 3831 ut
1091 3779 1163 3831 nota

77 3875 159 3925 eexte
173 3867 327 3946 auperiore
346 3863 567 3944 preemieimue,
590 3860 813 3922 Seleucidarum
828 3878 920 3937 regno
934 3855 1115 3938 antepoeito,
1137 3855 1165 3915 ei

74 3947 150 4010 hene
162 3959 300 4012 numeret
316 3949 354 4008 ad
375 3947 582 4028 Olympiadem
600 3947 671 4015 134.
692 3936 867 4020 obeuntem,
886 3943 936 4004 vel
957 3940 996 4000 ad
1018 3941 1089 4008 186.
1110 3938 1165 3999 in·

77 4045 195 4096 euntem
212 4031 356 4094 Antiochi
368 4033 605 4112 Magnirovocet
620 4030 754 4092 initium:
776 4049 811 4090 eo
833 4045 904 4086 vero
926 4025 1084 4086 duodecim
1107 4044 1164 4084 an-

76 4117 137 4198 nie,
157 4129 194 4180 ut
209 4119 287 4180 ratio
304 4129 471 4200 temporum
488 4117 600 4196 exigit,
621 4117 775 4191 eubmoto‚
797 4111 911 4192 primue
933 4111 996 4170 eine
1012 4129 1109 4176 annue
1129 4109 1163 4170 iu

78 4203 264 4286 Olympiadie
278 4207 349 4270 187.
363 4207 475 4263 armum
493 4202 524 4268 4.
543 4201 727 4282 comperitur
738 4197 886 4257 incideree
906 4213 982 4276 quae
998 4193 1076 4256 ratio
1094 4213 1163 4255 mo·

76 4299 127 4348 vet
142 4289 362 4350 Seleuciderum
383 4307 481 4348 aeram
495 4286 586 4365 longo
601 4287 699 4372 epagio
719 4281 882 4343 Alexandri
900 4288 996 4340 morte
1014 4279 1165 4360 poetar-io-

76 4389 140 4434 rem
156 4393 373 4454 nonnunquam
386 4370 551 4436 Authorem
563 4367 733 4452 agnoviase,
753 4387 793 4428 ex
805 4374 878 4428 note
893 4364 1047 4451 euperioae
1062 4364 1163 4430 citata.
