2944 4716
430 345 490 414 rr
511 345 865 420 aanoranonss
1089 335 1165 410 611
1262 437 1265 442 Δ

77 516 122 569 rat
145 504 290 568 Eusebius
312 503 350 565 ad
374 503 584 586 Olympiadem
598 508 670 572 119.
690 503 814 566 urbibus
836 525 852 564 a
877 505 1002 566 Seleuco
1022 505 1169 566 arbustis
1185 515 1218 570 P.
1235 519 1268 574 69

78 593 164 652 fidem
180 593 323 652 facturus.
367 592 508 650 Seleucus
530 589 745 667 Antiochiam,
765 589 966 668 Laodiciam,
989 593 1168 672 Apamiam,

78 676 241 752 Edessam,
261 681 412 736 Bero'e'am
428 686 456 734 et
476 675 597 734 Pellam
619 673 708 732 urbes
728 673 885 738 condidite
906 697 1038 756 quarum
1054 676 1169 736 Antio-

77 765 178 821 clse'am
201 769 249 830 12.
266 783 346 820 anna
360 761 448 840 regni
462 761 512 818 sni
524 760 665 818 extincxit.
707 759 897 836 Antigoniam
911 773 1009 820 tamen
1022 763 1170 846 scriplum

75 848 205 929 reperies
221 847 304 927 prius
327 866 415 926 quam
432 843 604 905 Antiochiae
623 863 732 903 nomen
747 844 920 904 sortiretur:
944 847 1015 906 vide
1029 847 1068 908 ed
1082 849 1170 910 Asiae

75 955 174 1012 regem
190 933 368 1010 Antigonum
384 931 519 1031 superius
532 931 630 1010 posite
646 949 712 1008 pag.
728 933 798 995 273.
818 929 849 990 C.

158 1012 310 1097 Ἐδισηνοὶ
325 1012 396 1089 cotie
409 1037 537 1098 χρονουο
552 1007 909 1097 trenorciensium]
931 1013 1012 1074 llaec
1034 1015 1067 1074 in
1082 1027 1169 1078 textu

74 1104 280 1186 potiusquam
296 1103 329 1160 in
345 1101 477 1178 margine
492 1100 590 1159 sedem
605 1107 752 1180 expetunt
760 1147 770 1177 ,
794 1117 850 1158 ceu
865 1119 938 1180 quae
952 1101 1170 1178 Syromacedo·

75 1210 163 1265 num,
186 1198 217 1246 et
239 1186 459 1246 Seleucidarum
481 1205 578 1246 aeram
600 1194 733 1263 tangant.
783 1185 889 1245 Graeci
909 1194 980 1266 pest
1004 1183 1170 1247 Alexandri

74 1274 176 1353 magni
200 1272 332 1348 obitum,
353 1290 449 1331 novas
476 1291 561 1354 aerae
583 1269 795 1331 instaurandae
823 1270 938 1330 Seleuci
960 1289 1085 1350 regnum
1108 1291 1169 1350 quo

74 1361 176 1420 Asiam
200 1355 346 1432 obtinuit,
376 1357 579 1415 observarunt.
622 1355 663 1414 Ea
683 1375 754 1416 vero
771 1375 832 1414 non
852 1357 949 1437 primo
962 1355 1169 1433 Macedonum,

73 1445 125 1504 sed
145 1442 325 1503 duodecimo
340 1461 418 1500 anno
434 1441 470 1500 ab
484 1439 646 1500 Alexandri
661 1439 745 1500 obitu
759 1441 849 1500 duxit
863 1442 1029 1519 exordium,
1051 1452 1171 1503 utnon
1190 1446 1224 1504 V.
1241 1449 1276 1506 63
1367 1505 1370 1512 ,

73 1529 241 1611 penultima
262 1525 416 1604 suggerit..
441 1525 593 1604 Legendus
615 1523 750 1584 Petevius
765 1525 818 1584 lib.
836 1531 887 1592 10.
905 1527 942 1586 de
961 1529 1046 1590 Dect.
1066 1529 1169 1612 Temp.

73 1636 141 1696 cap.
155 1615 206 1678 40.
225 1620 255 1671 et
271 1631 351 1690 seqq.
370 1609 540 1670 Obroaicen
552 1609 698 1670 Alexand.
712 1629 779 1690 pag.
792 1611 865 1676 400.

152 1694 228 1776 ’Έτη
244 1690 287 1758 ιε’.
307 1695 358 1758 aul
374 1692 587 1776 ἐτελεύτησεν]
609 1695 819 1754 Nevemdecim
834 1693 1015 1755 emendatior
1024 1695 1170 1774 Georgius

71 1803 174 1863 nuper
192 1780 328 1861 scripsita
358 1800 489 1842 errorem
510 1780 602 1840 istum
624 1781 779 1864 praeteriit
799 1779 929 1858 Scaliger
949 1789 1051 1840 textus
1065 1781 1171 1844 Euseb.
1296 1829 1299 1836 .

92 1892 108 1928 e
134 1869 212 1932 .52.

70 1887 133 1950 Η
162 1943 260 2024 Οὗτος
278 1943 454 2031 Ἀθηναίοις
472 1943 635 2030 duodecin]
656 1947 800 2008 Eusebius
822 1947 955 2010 Latinus.
996 1952 1173 2010 Demetriaco

72 2035 243 2097 Plealereeee
262 2033 306 2092 ad
323 2037 532 2094 Ptolemaeum
548 2038 685 2111 verisne,
705 2036 894 2113 impetrarit,
918 2045 953 2092 ut
970 2035 1175 2096 Atleenienei-

75 2123 137 2180 tae
152 2123 365 2191 Democratia,
386 2119 423 2178 id
435 2131 478 2178 eet
487 2121 597 2200 populi
612 2131 751 2200 potestas
764 2117 945 2181 redderetur.

161 2205 227 2284 Pflg·
252 2207 323 2273 275.
345 2203 486 2286 Pupiniae
506 2199 687 2285 Magnesia]
718 2203 961 2265 Emendatiouem
984 2205 1071 2266 iuvat
1092 2205 1174 2267 idem
1271 2216 1275 2227 ’

73 2289 218 2353 Eusebius
232 2291 270 2350 ad
284 2311 396 2350 annum
410 2289 649 2356 Abrahae1705.
671 2291 809 2349 Romani
822 2291 943 2350 Marsos
956 2302 985 2350 et
1004 2291 1131 2352 Umbros
1144 2301 1173 2351 et

74 2377 221 2456 Pelignos
235 2385 391 2454 superant.

158 2461 294 2540 Ῥωμαῖοι
320 2457 509 2541 Zanclaea]
536 2456 668 2537 deposui
701 2458 878 2538 Σαμνίιοον,
907 2457 975 2519 vice
1005 2465 1174 2540 Σονριτῶν.

75 2546 186 2608 Scribit
204 2543 346 2604 Eusebius
361 2545 400 2603 sd
417 2543 538 2622 Olymp.
560 2543 633 2608 115.
663 2543 800 2601 Romani
822 2546 974 2602 Samnites
1001 2542 1174 2602 diutissime

77 2643 234 2692 contrane
256 2631 445 2708 praeliantes
469 2625 515 2686 ad
538 2639 699 2686 extremam
718 2630 894 2686 servitutem
914 2627 1066 2707 redigunt.
1093 2635 1174 2690 Σον.

76 2720 169 2782 elcese
188 2715 319 2792 Scaliger
341 2715 466 2789 retinet,
487 2722 553 2772 tum
573 2722 674 2772 textus
693 2733 758 2793 pag.
781 2716 834 2780 53.
853 2723 916 2773 tum
937 2715 1006 2772 Not.
1020 2733 1086 2794 pag.
1100 2717 1174 2780 269.

77 2813 106 2862 et
132 2801 319 2882 Καλοβρῶν,
347 2792 480 2881 ’einoldus
503 2797 573 2858 loco
595 2798 782 2858 scribendum
807 2798 936 2858 coniicit.
965 2794 1013 2874 si,
1034 2793 1174 2880 Ἀράβιον

78 2905 237 2968 expungo,
260 2903 314 2944 ceu
335 2885 514 2965 superiluem
536 2903 658 2961 vocem,
680 2883 753 2942 alias
774 2885 924 2944 nationem
941 2881 1081 2944 hostilem
1096 2882 1173 2943 mibi

79 2972 230 3051 designat,
253 2989 309 3049 qua
321 2969 406 3029 velut
422 2969 457 3029 sb
475 2969 621 3029 Arebibus
637 2969 830 3049 postmodum
848 2969 971 3047 Gracci,
993 2969 1037 3028 sic
1050 2969 1088 3030 iis
1107 2967 1172 3052 pri·

78 3059 169 3118 tuitus
184 3055 311 3115 Rotnani
326 3053 491 3114 diutissime
505 3053 617 3114 luerint
628 3054 738 3118 eunti.

162 3140 196 3204 Ὀ
211 3135 364 3222 Σάραπις,
385 3134 408 3220 ἢ
428 3138 446 3202 ὅ
465 3134 622 3220 Ziporea]
644 3139 762 3200 Leibens
781 3159 849 3200 cum
871 3138 1020 3218 Scaligero
1038 3132 1175 3220 Σὸροιπις

79 3227 163 3306 lego:
185 3225 345 3330 lectiopem
362 3223 470 3327 probet
492 3225 608 3330 Sigides.
630 3219 801 3308 ὀΣοὶροπις
821 3217 1014 3298 sindewala
1034 3223 1176 3329 ἐκαλεῖτο,

79 3307 507 3480 attestatas
525 3311 661 3460 nte
673 3302 1177 3474 attitulentur

80 3505 132 3544 τον
154 3478 250 3561 ’ὄνομα
269 3474 461 3558 πεποιηκότες
481 3475 608 3542 ἐκάλουν
632 3475 726 3544 uiris
754 3475 899 3562 Σόροιιιν.
941 3482 1072 3561 Sarapis
1096 3477 1177 3538 idem

81 3569 144 3646 ipse
161 3565 328 3627 vocabatur
346 3567 435 3644 Apis.
486 3565 639 3624 Laeuium
658 3577 775 3638 autem,
805 3585 865 3646 qno
887 3587 998 3646 corpus
1019 3563 1178 3624 canditum

73 3655 162 3728 snit,
191 3648 413 3710 Alexandriam
445 3648 697 3730 deportaverunt:
730 3662 757 3708 et
780 3672 800 3709 a
820 3673 889 3712 vace
911 3647 1015 3732 σορός,
1043 3661 1072 3706 et
1095 3649 1178 3726 Aple

82 3741 245 3816 composito
267 3738 403 3813 nomine,
424 3737 556 3816 Sarapin
569 3737 769 3815 appellavere:
787 3739 902 3816 posteri
914 3734 1022 3794 deinde
1033 3735 1177 3812 Sarapin.

82 3825 192 3882 Latini
207 3820 329 3880 &meam
343 3823 479 3900 Serapio.
522 3821 665 3881 Eusebius
681 3823 720 3882 ad
736 3821 944 3902 Olympiadem
964 3822 1031 3885 123.
1054 3820 1178 3897 Serapis

83 3911 237 3988 ingressus
244 3918 287 3964 eat
295 3905 528 3968 Alexandriam.
550 3906 642 3968 Vetus
651 3908 740 3967 lectio
750 3927 786 3966 ex
795 3909 935 3967 Pontaco.
952 3906 1076 3984 Serapis
1084 3905 1180 3962 eima.

83 3993 222 4070 laclrrnm
230 3989 454 4052 Alexandriam
465 3995 561 4054 vertit:
578 3994 683 4074 posuit
695 3991 814 4053 Autbor
822 3985 972 4070 ldpeiedg,
987 4001 1115 4048 erectum
1124 3999 1179 4052 eet.

84 4089 87 4094 ’
163 4075 213 4141 Ἐν
232 4071 328 4163 Ῥώμῃ
348 4081 469 4159 πρῶτον
489 4073 677 4160 ,ἅργοροῦνᾼ
704 4076 820 4136 Licinio
843 4083 873 4134 at
893 4073 1014 4132 Cambio
1037 4075 1119 4134 Coss.
1147 4083 1179 4134 ct

83 4162 270 4246 Olympiadis
287 4168 357 4230 126.
374 4183 452 4223 auno
472 4167 502 4230 3.
520 4164 621 4244 iuquit
637 4163 810 4223 chronicon
826 4159 911 4222 Alex.
933 4157 1076 4220 Eusebius
1092 4160 1178 4219 annis

82 4255 111 4315 4.
134 4249 259 4312 tertius.

169 4325 374 4416 Νικομήδειαν
395 4326 449 4399 ἔνι’
473 4325 624 4414 ieiunas]
645 4328 852 4394 Narrationem
869 4327 1009 4389 immutet
1030 4327 1175 4392 Eusebius
