2960 4716
474 343 612 414 GOARl
632 343 860 416 ualerone„
1151 335 1199 414 61

104 523 163 564 run
169 511 326 584 penetrato
344 501 432 564 aedis
447 501 530 562 Tuas
542 503 763 582 angustissimae
778 503 892 581 limina,
912 495 1006 566 larem
1021 503 1055 568 iu
1067 525 1102 568 ea
1116 505 1199 574 leui·

103 589 191 650 liutius
205 589 337 668 quaerit.
383 589 427 648 Te
443 589 564 650 iubente
582 591 643 650 luci
661 591 813 662 redditus,
833 591 892 650 uisi
907 591 962 650 sub
975 592 1016 650 Te
1030 592 1126 656 locem
1143 616 1198 656 ne-

102 676 157 754 quit
167 675 336 753 adspicere,
360 684 402 748 et,
415 674 476 734 nisi
490 675 570 734 inter
582 677 670 752 Tuos,
692 678 878 757 superstitem
890 675 995 736 nivere
1010 676 1198 755 dedignatur.

100 760 234 818 (emtam
253 759 353 820 babet
372 761 604 841 praecipuorum
628 763 740 820 Ducum
750 805 760 837 ,
785 764 990 842 satraparum,
1011 764 1198 843 Pontificum,

97 844 307 925 Imperatorum
334 865 501 922 aaronem,
534 867 608 924 quae
631 846 877 907 Christianissimi
899 847 986 925 Regis
1009 847 1071 908 lilia
1095 851 1198 910 sedem

97 931 187 990 Tuam
211 931 490 1011 circumstipantia,
513 931 601 1010 Regia
625 943 742 1012 sceptra
761 932 931 1010 dignitatem
953 941 983 992 et
1002 933 1094 994 fasces
1118 936 1197 996 Tuos

96 1015 256 1074 munientia
273 1025 447 1078 venaretur.
490 1017 563 1076 Mox
584 1037 675 1092 ves-o,
696 1017 748 1076 ubi
763 1017 836 1076 Tea
858 1017 955 1094 Regiis
972 1017 1049 1080 cusia
1070 1018 1196 1082 liberum

99 1110 156 1158 eta
171 1099 321 1161 Palatinae
338 1101 553 1182 popularisque
570 1101 674 1162 turbae
694 1103 954 1182 circumstrepente
967 1105 1100 1164 tumultu
1115 1103 1195 1186 (nam

96 1183 184 1264 Regi,
205 1187 326 1265 Regno,
357 1185 497 1261 Senatui,
527 1187 641 1266 Populo
659 1195 740 1246 totus
762 1187 867 1246 uixisti
890 1187 1032 1267 seraper),
1054 1187 1194 1250 nonnihil

97 1273 235 1349 quietum
264 1271 446 1351 compererit
473 1273 646 1349 syncellus,
677 1282 706 1331 et
734 1272 767 1330 in
799 1273 952 1332 secretiori
981 1275 1194 1353 sacratioriqus

95 1362 239 1414 sanaem
255 1357 419 1436 Regiseque
442 1357 600 1416 maiestatis
623 1365 685 1416 ate
701 1357 851 1416 custodito
872 1355 998 1440 arapirps
1018 1367 1048 1418 et
1063 1361 1192 1420 sacrario

95 1438 400 1502 bonorificentissime
420 1443 603 1518 collocatus,
625 1443 689 1502 Tuo
714 1442 855 1501 convictu
876 1441 982 1520 dignus
1006 1463 1022 1500 a
1045 1445 1087 1504 Te
1102 1443 1194 1506 suerit

96 1523 253 1602 iudicatus,
279 1527 355 1606 quid
370 1527 397 1586 is
419 1529 445 1586 T
447 1547 480 1598 e,
499 1537 635 1586 mortuus
658 1527 745 1602 licet,
766 1547 828 1586 non
843 1526 1033 1588 observabit'i
1057 1528 1137 1602 Quid
1156 1527 1193 1590 da

96 1609 154 1686 Te,
183 1621 284 1670 mutus
302 1613 395 1688 licet,
426 1632 488 1670 non
509 1613 663 1691 loquetur,
691 1632 753 1670 non
778 1611 984 1691 praedicabili
1017 1613 1193 1674 Observabit

96 1695 176 1773 quod
189 1697 279 1774 Regi,
299 1697 445 1756 Palatinis
462 1699 633 1774 ordinibus,
659 1697 793 1772 Senatui,
817 1696 932 1777 Populo
947 1698 1108 1758 meridiana
1125 1699 1192 1758 luca

95 1779 205 1838 clarius
225 1781 407 1858 innotescit,
429 1783 511 1860 quod
534 1803 587 1842 nec
603 1783 720 1860 ignorat
737 1783 861 1858 vulgus,
885 1802 940 1842 nec
956 1791 1036 1840 tacet
1058 1783 1192 1862 quiaquia

96 1865 136 1922 de
147 1865 188 1924 Te
200 1885 259 1924 non
274 1867 425 1944 malignus
441 1867 590 1946 loquitur,
611 1869 644 1926 in
660 1868 684 1926 T
685 1887 701 1926 e
712 1867 888 1942 collectum,
909 1867 993 1926 velut
1006 1867 1039 1924 in
1052 1887 1192 1948 supremo

96 1949 208 2024 iudice,
222 1951 368 2030 quicquid
380 1953 504 2012 virtutis
517 1954 547 2010 in
562 1953 753 2012 inferioribus
766 1971 904 2032 sparsum
916 1950 1076 2030 reperitur.
1106 1954 1193 2012 Prae·

97 2034 225 2110 dicabit,
246 2039 326 2116 quod
342 2037 376 2096 in
395 2037 597 2116 Optimatibus
614 2057 732 2110 rorum,
760 2057 798 2096 ne
817 2037 913 2096 dicam
929 2036 1105 2113 insolitum,
1127 2035 1193 2094 Tibi

97 2119 288 2180 domesticum
310 2142 348 2180 ac
367 2123 541 2202 proprium,
573 2123 750 2202 multiplicis
771 2121 944 2182 eruditionis
966 2121 1114 2197 studium,
1145 2121 1193 2180 cui

99 2207 225 2282 accedit,
254 2207 340 2286 qnod
356 2207 491 2266 nobilius
515 2215 574 2285 est,
598 2229 664 2286 erga
686 2227 732 2264 res
753 2227 869 2282 sacras,
892 2199 1057 2266 doctrinam
1080 2227 1191 2282 aunam,

99 2298 130 2348 et
148 2311 229 2348 sacra
249 2293 366 2371 scripta
383 2293 429 2350 sic
442 2291 566 2351 affectus
583 2293 718 2366 animus,
745 2301 780 2350 ut
798 2293 852 2370 qui
872 2290 946 2352 baec
963 2313 999 2351 ex
1016 2293 1145 2372 professo
1162 2301 1192 2350 ct

98 2375 174 2434 vitae
196 2376 339 2436 instituto
361 2387 501 2452 versant,
530 2377 561 2435 in
585 2377 643 2451 Te,
674 2377 756 2455 quod
771 2378 936 2452 mirentur,
964 2397 1002 2436 ex
1022 2378 1076 2452 Te,
1110 2377 1192 2454 quod

96 2461 264 2538 addiscent,
286 2463 456 2525 inveniant.
500 2461 595 2522 Testis
615 2460 688 2520 mibi
704 2461 800 2519 aderit
814 2483 864 2520 rus
889 2482 1042 2521 amoenum
1063 2462 1140 2520 illud
1162 2469 1192 2520 et

98 2545 297 2606 suburbanum
313 2548 458 2606 Roscium
473 2546 512 2606 ad
529 2549 709 2626 Sequanam,
733 2565 869 2605 curarum
885 2545 1026 2605 staretis
1040 2545 1192 2604 Tallara-

100 2649 190 2701 msa,
210 2653 270 2709 qno
290 2633 339 2692 vir
353 2633 416 2691 Deo
433 2631 568 2708 deditus,
592 2641 643 2690 sut
660 2631 795 2691 eruditus
812 2631 910 2710 quivis
923 2631 1084 2706 admissus,
1105 2648 1193 2709 praa·

100 2722 150 2774 ter
164 2715 254 2774 aniani
266 2716 450 2792 firmitatem,
471 2737 530 2795 qua
546 2715 666 2775 mutatis
679 2715 784 2789 rebus,
807 2714 884 2774 nibil
898 2715 936 2773 sd
956 2715 997 2773 Te
1019 2714 1120 2789 Curia,
1142 2714 1193 2774 vel

98 2799 193 2859 dulas
202 2801 306 2879 Regiae
315 2802 487 2861 sublimitas
500 2800 648 2881 pertinere
658 2800 723 2858 visa
738 2807 791 2871 est,
813 2799 886 2876 quin
900 2797 988 2856 etiam
999 2799 1105 2876 pietate
1117 2799 1191 2873 tus,

97 2885 175 2944 etad
187 2887 287 2946 studia
300 2907 385 2946 sacra
397 2886 597 2966 propensione
608 2891 731 2956 tentata,
745 2881 967 2942 dissertationes
982 2881 1116 2941 doctrina
1129 2903 1192 2944 nou

96 2970 241 3050 impares,
262 2971 405 3031 facundia
422 2969 650 3050 praestantiores
664 2969 821 3028 instituere
834 2967 876 3028 Te
897 2987 999 3047 possa,
1015 2975 1044 3026 et
1064 2967 1192 3026 institn-

96 3055 139 3112 tia
159 3057 299 3133 congredi
325 3058 530 3138 stupefactus,
560 3075 634 3114 num
657 3054 825 3114 studiorum
850 3060 1082 3133 temperamento
1105 3073 1191 3112 com·
1262 3055 1270 3064 '

98 3139 179 3198 missi
193 3141 387 3218 gubernaculi
404 3143 578 3220 gravitatem
592 3141 720 3214 levares,
741 3137 792 3197 vel
812 3157 968 3218 operosum
985 3155 1020 3194 ao
1034 3135 1123 3197 rebus
1137 3155 1192 3213 ge·

96 3225 199 3284 rendis
220 3226 419 3286 exercitatum
439 3245 525 3286 usum
545 3225 646 3284 divina
664 3241 818 3304 superares
834 3221 1019 3300 cognitione,
1043 3219 1191 3280 affirmare

95 3311 231 3386 nescius,
254 3311 404 3370 abscessit.
447 3310 633 3370 Postmodum
646 3309 800 3388 Syncellus
816 3304 911 3386 Regiis
924 3303 1090 3404 sumptibus
1104 3313 1133 3364 et
1143 3315 1192 3384 ty.

95 3389 1192 3560 tttttlfftgtttlttlttt'tttttttttthtttt'tttzt.

96 3563 281 3642 insinuabit,
302 3575 337 3624 ut
355 3565 435 3624 orbis
458 3565 555 3637 lucem
575 3564 729 3644 adspiciat.
770 3559 865 3620 isthic
884 3561 963 3622 inter
979 3562 1039 3620 fato
1060 3563 1191 3636 iunctos,

95 3649 217 3728 scriptis
234 3659 371 3709 aeternos
386 3659 534 3727 auctores,
557 3669 632 3729 quos
649 3669 711 3708 non
721 3645 778 3706 nisi
792 3645 934 3726 probatos
950 3645 1093 3724 collegiati
1102 3691 1110 3720 ,
1132 3665 1192 3724 po·

10 3807 11 3810 ¹
95 3735 191 3810 situs,
213 3735 380 3813 tranquilla
396 3737 578 3814 perennitate
597 3735 760 3814 promissa,
782 3730 854 3807 sibi,
876 3741 906 3790 et
926 3732 1058 3809 reliquae
1072 3730 1193 3788 littera-

96 3829 196 3878 torum
212 3829 348 3879 catervae
357 3865 366 3895 ,
389 3839 451 3896 nan
465 3819 537 3877 adeo
552 3819 750 3877 lllausolaeum
765 3815 909 3892 mortuis,
931 3837 1021 3895 quem
1036 3814 1114 3872 vivis
1126 3811 1192 3871 Mu.

97 3923 198 3964 aarum
220 3905 254 3963 in
282 3905 355 3963 aede
377 3905 440 3962 Tua
462 3913 645 3964 exstructum
666 3901 878 3980 granulabitur:
905 3921 960 3960 nec
986 3899 1078 3976 magis
1106 3895 1192 3954 vivos

96 3989 291 4050 scientiarum
305 3999 336 4050 et
350 3989 527 4050 immortalis
541 3987 669 4048 nominis
680 3987 775 4056 teneri
790 3983 948 4064 cupidine,
969 4002 1056 4062 quana
1071 3981 1112 4038 Te
1122 3997 1193 4058 per·

96 4083 205 4154 petuas
222 4076 383 4135 memoriae
398 4095 553 4151 securum,
575 4069 802 4133 cohonestandis
816 4068 925 4128 litteris
942 4087 976 4124 ac
992 4061 1130 4124 litteratis
1146 4063 1194 4122 l'e-

96 4157 199 4218 liciter
217 4172 322 4221 natum
342 4159 522 4220 enunciabit„
566 4157 606 4217 Ea
625 4155 777 4216 beatitatis
793 4152 863 4211 sede
883 4149 1121 4210 abblsndientem
1138 4147 1195 4208 sibi

10 4301 11 4312 ἶ
98 4243 278 4322 Georgium,
303 4255 334 4306 st
350 4247 507 4307 voluntate
530 4263 585 4322 pro
607 4243 690 4301 votis
712 4237 846 4316 expleta,
874 4255 928 4315 per
941 4233 1119 4312 locupletem
1139 4233 1195 4293 Bi-

10 4345 11 4406 ]
98 4325 262 4394 bliotbccae
275 4331 365 4392 istius
378 4349 482 4411 garam
498 4325 638 4387 lascivire
652 4334 682 4385 et
695 4320 826 4382 delicium
839 4315 1017 4398 permittes?
1042 4318 1197 4382 Scrutabi-
