2888 4714
278 331 355 410 440
648 331 996 408 nneunnrtonns

277 501 335 579 tis,
356 498 501 575 obtinuit3
522 493 667 574 Aegialise
678 492 793 573 regioni
809 489 1009 571 Peloponnesi
1022 507 1134 551 nomeu
1144 489 1282 571 indidit,
1303 513 1380 574 pro-
1431 551 1432 554 ,

275 586 418 668 priusque
432 581 639 663 Pelopidarum
654 578 823 660 posteritati
837 574 1034 658 Peloponnesi
1046 575 1116 636 locs
1130 577 1271 638 victoriis
1284 589 1380 660 parts
1431 627 1432 640 .

275 669 400 749 reliquit
414 666 600 749 possidende.
1431 715 1432 732 ,

360 755 427 831 Peg.
449 753 519 819 125.
540 745 806 828 Asspoastssstta
818 741 885 826 aad]
907 743 1033 822 Aregni
1043 743 1227 823 Argivorum
1238 747 1374 826 primor-
1431 753 1432 816 ᾖ

257 827 352 915 diis,
374 837 413 898 ad
429 835 539 897 Acrisii
557 843 742 916 postremum
762 852 875 890 sunum
896 829 1074 910 quibusdum
1091 829 1167 896 675.
1189 851 1285 892 annos
1308 853 1373 892 nu-
1431 839 1432 908 ζ

276 921 457 983 merentibus
472 938 511 981 ex
530 939 626 999 nuper
646 917 750 995 dictis,
772 915 892 976 Author
915 915 1004 976 tertia
1022 922 1095 974 nota
1118 915 1274 994 superiore
1291 917 1375 976 cita·
1431 975 1432 1018 1

275 1015 326 1067 tus
350 1009 421 1074 551.
441 1005 588 1066 drentsxst
605 1011 757 1079 recenset,
777 1002 883 1081 utique
898 997 1071 1062 discrimine
1085 998 1138 1068 24.
1155 1019 1217 1060 non
1233 1007 1286 1068 27.
1307 1021 1369 1062 sn-
1431 1055 1432 1070 ³

277 1111 393 1154 norum.

180 1171 210 1232 Ρ.
226 1167 262 1230 42
365 1179 429 1239 Τοῦ
442 1170 476 1236 dl
492 1165 607 1253 κόσμου
627 1162 669 1252 ἦν
693 1170 757 1244 ἔτος
775 1161 890 1254 milii]
918 1167 985 1228 Hoc
1001 1177 1047 1228 est
1062 1167 1102 1228 sd
1121 1167 1208 1228 Musis
1223 1177 1367 1248 esteten,

276 1262 363 1324 iuxte
378 1269 511 1320 veterum
533 1256 693 1316 sententias
712 1255 847 1334 superine
865 1273 929 1332 psg·
946 1256 996 1320 68.
1014 1251 1065 1318 64.
1081 1262 1112 1312 et
1128 1273 1202 1332 seqq.
1218 1261 1249 1312 et
1262 1273 1365 1334 nuper

276 1365 343 1430 pag.
363 1349 430 1410 122.
444 1341 497 1402 ubi
511 1339 549 1400 ds
564 1340 656 1416 Mose,
677 1339 797 1400 relstss:
819 1359 944 1418 quorum
958 1337 1088 1398 celuslos
1105 1337 1141 1396 ab
1154 1339 1277 1398 Eusebio
1292 1358 1365 1398 cor-

275 1439 374 1494 rectos
394 1427 464 1486 licet
484 1426 621 1485 Petreius
636 1425 763 1484 affirmet
778 1423 830 1484 lib.
848 1429 877 1492 9.
899 1423 936 1482 de
958 1423 1042 1483 Doct.
1058 1421 1161 1503 Temp.
1185 1443 1247 1502 cap.
1262 1427 1309 1488 15
1329 1431 1364 1482 et

275 1515 309 1574 in
326 1509 525 1592 Epiphaniam
540 1531 608 1590 psg.
624 1511 675 1577 15.
697 1529 841 1588 nusquam
862 1515 961 1568 temen
981 1505 1105 1586 probet,
1133 1505 1187 1568 sed
1212 1507 1364 1568 institutae
1431 1561 1432 1564 ,

154 1653 157 1664 ,
275 1597 334 1658 sibi
355 1593 570 1674 chronologiae
588 1594 720 1654 numeris
745 1591 927 1674 compositos
953 1591 1092 1652 declsrst.
1134 1592 1173 1652 ln
1193 1601 1362 1671 utrumque,
1431 1621 1432 1654 1

276 1691 307 1744 et
322 1682 395 1740 alios
409 1681 515 1740 mentis
531 1680 661 1740 eiusdem
677 1687 827 1740 consortes
845 1677 936 1738 edlcit
949 1697 1030 1736 meus
1045 1677 1189 1754 Georgius
1204 1676 1246 1735 ed
1261 1679 1290 1742 5.
1303 1679 1364 1736 dr-
1431 1693 1432 1750 ᾗ

275 1767 410 1845 givorum
424 1785 522 1845 regem
539 1759 593 1827 α’λό
613 1787 653 1837 ως
668 1757 863 1846 insoporata
878 1761 927 1824 aul
945 1754 1131 1842 ἀμαρτύρως.
1174 1761 1319 1822 Eusebius
1332 1759 1364 1820 in
1431 1755 1432 1820 l

274 1853 376 1933 priore
387 1849 465 1910 libro
479 1851 514 1910 ab
527 1788 636 1908 lneclio
653 1847 691 1907 ad
702 1847 929 1926 Agamemnonis
941 1865 1045 1904 necem
1056 1865 1151 1906 annos
1165 1847 1282 1924 colligit
1292 1847 1363 1912 555.
1431 1821 1432 1878 l

274 1935 310 1997 in
326 1935 490 2016 posteriore
504 1933 611 2013 viginti
627 1932 771 2011 emplius,
793 1931 875 2010 quod
888 1940 917 1990 et
933 1950 989 1990 uos
1005 1949 1174 2008 sequemur,
1193 1930 1237 1990 eit
1249 1949 1363 1990 memo-

275 2029 360 2082 ratus
379 2019 516 2079 Petsvius
538 2016 655 2077 Author
668 2015 704 2074 sb
722 2013 860 2074 Insclssei
877 2015 960 2094 regni
975 2013 1151 2096 primordiis
1166 2034 1247 2074 anno
1261 2015 1365 2074 mundi

275 2109 369 2172 3692.
384 2103 504 2181 signatis
520 2101 559 2160 sd
575 2101 822 2178 Agamemnonem
838 2099 970 2160 occisum
992 2119 1071 2160 enno
1093 2099 1188 2167 4330.
1207 2120 1305 2160 annos
1320 2099 1368 2159 in·

274 2191 411 2249 teriectos
424 2189 497 2252 638.
512 2193 654 2246 numeret.

348 2267 464 2349 Ἴναχος
477 2267 526 2348 ἔτη
537 2263 602 2348 νά]
624 2268 670 2328 lts
685 2267 791 2328 scrrlsit
805 2268 934 2347 Scaliger
945 2287 1013 2348 psg.
1028 2275 1127 2326 textus
1142 2267 1305 2328 Ensebiaoi
1317 2271 1363 2334 23.

272 2374 330 2416 nec
355 2353 485 2414 advertit
505 2353 623 2412 Eusebii
647 2353 737 2415 verba
760 2368 953 2434 componens,
982 2352 1104 2412 Eusebii
1132 2352 1249 2414 Inacho
1276 2371 1363 2412 sonos

273 2439 421 2500 duntaxat
432 2439 483 2504 50.
499 2437 531 2496 in
547 2437 695 2499 Chronico
710 2437 884 2500 ascribentis
899 2445 1026 2498 mentem
1039 2447 1190 2516 evertere,
1211 2449 1248 2500 et
1258 2436 1365 2500 sutho-

271 2523 390 2586 ritstem
405 2521 581 2584 convellere.
1431 2561 1432 2588 .

357 2603 405 2670 Oii
426 2631 477 2688 μοι
497 2608 583 2670 δοκεῖ
597 2605 726 2686 aelric]
752 2608 824 2666 Hoc
844 2627 909 2668 arere
929 2606 1091 2666 collectum
1112 2617 1156 2666 est
1176 2627 1199 2666 u
1224 2604 1363 2686 Georgio,
1431 2611 1432 2656 ἐ

272 2693 378 2754 scribit
400 2691 529 2770 Scaliger
549 2691 627 2752 hanc
647 2691 808 2773 pericopen
825 2694 954 2752 reserens
972 2691 1109 2756 dnimsd.
1132 2691 1235 2772 pagin.
1252 2695 1359 2758 1718.
1431 2687 1432 2764 f

273 2780 346 2846 253.
361 2787 415 2842 etc.
459 2777 545 2837 Retio
563 2776 638 2837 hoec
659 2785 712 2836 est.
753 2777 786 2834 si
806 2775 845 2836 sd
864 2776 997 2836 Africani
1021 2785 1150 2836 mentem
1172 2777 1357 2855 Assyriorum
1431 2791 1432 2848 l

273 2881 397 2938 regnum
413 2861 511 2938 eliud,
534 2861 615 2941 quod
628 2859 826 2938 Argivorum,
846 2861 931 2920 snnis
947 2860 1017 2921 solis
1036 2861 1174 2920 ducentis
1186 2859 1355 2939 praecelse

273 2956 308 3004 ut
325 2945 414 3024 spatii
434 2943 604 3006 huiusmodi
625 2947 767 3005 terminus
792 2946 830 3003 sd
852 2944 955 3004 lnschi
975 2944 1157 3024 Argeorum
1177 2944 1253 3021 regis
1269 2943 1361 3024 primi
1431 2955 1432 3026 l

273 3049 383 3088 snnum
398 3029 527 3108 primum
539 3030 673 3108 attingit,
694 3029 736 3089 ite
751 3049 871 3110 quoque
887 3031 926 3088 sd
939 3029 1029 3089 Musis
1047 3030 1177 3090 natalem
1192 3029 1272 3091 diem
1284 3029 1362 3088 circs
1431 3031 1432 3036 ’

271 3110 375 3171 lnsclri
389 3114 553 3192 primordie
566 3115 766 3176 incurrentem
781 3115 913 3174 secedite
937 3113 1017 3173 idem
1037 3133 1110 3175 vero
1131 3135 1283 3176 annorum
1303 3115 1360 3172 du·

273 3205 427 3258 centorum
443 3199 588 3258 terminus
602 3197 736 3278 Abrehpe
750 3219 844 3258 annus
860 3219 949 3278 supra
963 3200 1157 3258 centesimum
1169 3200 1289 3278 primns
1298 3208 1357 3257 sta·
1431 3211 1432 3216 ’

270 3281 381 3342 tuitur:
402 3283 498 3343 Moses
511 3283 610 3364 itaque
622 3303 700 3344 enno
709 3282 843 3344 Abrahae
860 3285 962 3342 eodem
976 3283 1014 3342 sd
1030 3285 1106 3344 lucis
1121 3293 1152 3343 et
1166 3285 1277 3344 mundi
1286 3302 1354 3344 con-
1431 3289 1432 3344 l

270 3359 396 3425 sortiu'm
410 3366 558 3444 ingressus
572 3377 625 3428 est.
666 3367 933 3428 Demonstrativsm
947 3368 1185 3429 completionem
1203 3367 1284 3430 hsnc
1299 3388 1356 3429 rn-
1431 3371 1432 3428 ἶ

272 3457 321 3508 cat
334 3449 463 3528 Scaliger
477 3451 545 3510 loco
560 3453 657 3532 primo
671 3455 774 3514 relsto.
1031 3459 1033 3464 ’
1431 3447 1432 3482 ³

356 3531 442 3597 Κοτᾶ
457 3531 491 3598 τὸ
505 3531 573 3616 μᾶ]
595 3537 722 3618 Scripsit
733 3535 877 3598 Eusebius
891 3536 942 3603 43,
957 3537 1143 3616 eundemque
1154 3547 1290 3599 servaret
1301 3555 1357 3596 nu·
1431 3549 1432 3552 ’

270 3639 383 3681 merum
397 3620 462 3700 ipss
478 3621 631 3699 Georgius,-
652 3619 816 3702 Arphsxsd
826 3641 917 3681 unam
928 3621 1073 3701 epocham
1086 3621 1203 3700 ubique
1214 3642 1354 3683 ssserenn

269 3705 311 3764 At
325 3725 392 3764 cum
409 3724 519 3765 annum
534 3707 633 3786 ipsum
645 3707 753 3767 diluvii
765 3705 930 3766 statuendis
945 3705 1107 3786 Arphsxed
1122 3707 1270 3768 natslitiis
1282 3727 1353 3766 non·

269 3809 421 3869 nunquam
444 3790 547 3870 eliget,
568 3789 641 3852 hinc
662 3789 899 3852 Genearcherum
917 3801 1025 3850 aetates
1049 3791 1203 3851 adilurio
1220 3789 1350 3873 quando-

270 3895 327 3952 que
342 3875 459 3935 verisnt
471 3896 530 3936 uno
545 3895 632 3938 anno.
676 3876 764 3936 Anno
777 3895 897 3955 quoque
910 3876 979 3936 Nini
995 3875 1047 3942 44.
1064 3874 1216 3936 Abraham
1236 3893 1351 3954 compe-

269 3957 363 4017 rietur
376 3970 479 4034 notus,
501 3961 525 4019 si
545 3971 615 4040 post
636 3961 830 4022 secunduma
843 3960 959 4022 diluvio
973 3980 1085 4020 annum
1101 3959 1267 4041 Arphexad
1278 3961 1354 4020 diem

268 4045 396 4102 natalem
411 4043 558 4104 statueris.

350 4121 488 4208 Ἀργείων
499 4124 526 4207 β’
529 4171 536 4187 .
552 4125 765 4208 ἒβαοίλευσεν.]
796 4127 850 4190 llis
873 4128 906 4188 in
926 4127 1056 4207 margine
1078 4128 1176 4207 posits
1202 4131 1350 4192 subnecto.

268 4203 319 4285 ἔτη
334 4205 366 4282 ξ’,
383 4216 437 4272 τοῦ
449 4210 482 4273 δὲ
495 4207 609 4291 κόσμου
622 4204 663 4292 ἦν
677 4213 740 4285 ἔτος
752 4209 862 4296 ,puppi
883 4213 1010 4274 inachus
1029 4212 1140 4296 quippe
1160 4235 1285 4294 regnum
1304 4215 1346 4272 iu·
1431 4253 1432 4292 3

267 4289 368 4366 stituit
386 4314 464 4353 anno
484 4299 574 4362 3692.
594 4304 624 4355 ct
640 4297 690 4367 66.
710 4295 819 4375 tenuit,
841 4297 879 4358 sd
901 4319 1011 4360 annum
1031 4297 1278 4367 videlicet3748.
1292 4316 1343 4378 qno
1431 4293 1432 4364 l
