<?xml version="1.0" encoding="UTF-8"?>
<!DOCTYPE html PUBLIC "-//W3C//DTD XHTML 1.0 Transitional//EN"
    "http://www.w3.org/TR/xhtml1/DTD/xhtml1-transitional.dtd">
<html xmlns="http://www.w3.org/1999/xhtml" xml:lang="en" lang="en">
 <head>
  <title>
</title>
<meta http-equiv="Content-Type" content="text/html;charset=utf-8" />
  <meta name='ocr-system' content='tesseract 3.04.00' />
  <meta name='ocr-capabilities' content='ocr_page ocr_carea ocr_par ocr_line ocrx_word'/>
</head>
<body>
  <div class='ocr_page' id='page_1' title='image "./corpusscriptoru15niebgoog_0027.png"; bbox 0 0 2960 4716; ppageno 0'>
   <div class='ocr_carea' id='block_1_1' title="bbox 117 2215 1317 2298">
    <p class='ocr_par' dir='ltr' id='par_1_1' title="bbox 117 2215 1317 2298">
     <span class='ocr_line' id='line_1_1' title="bbox 117 2215 1317 2298; baseline 0.005 -26"><span class='ocrx_word' id='word_1_1' title='bbox 117 2245 121 2252; x_wconf 77' lang='lat'><em>,</em></span> <span class='ocrx_word' id='word_1_2' title='bbox 238 2216 339 2298; x_wconf 85' lang='lat' dir='ltr'><strong>gissst,</strong></span> <span class='ocrx_word' id='word_1_3' title='bbox 354 2215 380 2275; x_wconf 91' lang='lat' dir='ltr'><strong>si</strong></span> <span class='ocrx_word' id='word_1_4' title='bbox 392 2225 487 2275; x_wconf 89' lang='lat' dir='ltr'><strong>totam</strong></span> <span class='ocrx_word' id='word_1_5' title='bbox 498 2215 591 2276; x_wconf 84' lang='lat' dir='ltr'><strong>vitam</strong></span> <span class='ocrx_word' id='word_1_6' title='bbox 604 2217 778 2276; x_wconf 89' lang='lat' dir='ltr'><strong>continuam</strong></span> <span class='ocrx_word' id='word_1_7' title='bbox 787 2237 995 2279; x_wconf 86' lang='lat' dir='ltr'><strong>aerumnarum</strong></span> <span class='ocrx_word' id='word_1_8' title='bbox 1009 2227 1162 2298; x_wconf 86' lang='lat' dir='ltr'><strong>expertem</strong></span> <span class='ocrx_word' id='word_1_9' title='bbox 1173 2219 1317 2278; x_wconf 75' lang='lat' dir='ltr'><strong>vixisset?</strong></span> 
     </span>
    </p>
   </div>
   <div class='ocr_carea' id='block_1_2' title="bbox 246 341 964 428">
    <p class='ocr_par' dir='ltr' id='par_1_2' title="bbox 246 341 964 428">
     <span class='ocr_line' id='line_1_2' title="bbox 246 341 964 428; baseline 0.015 -10"><span class='ocrx_word' id='word_1_10' title='bbox 246 341 294 420; x_wconf 83' lang='lat'><strong>14</strong></span> <span class='ocrx_word' id='word_1_11' title='bbox 630 351 672 426; x_wconf 89' lang='lat' dir='ltr'><strong>G.</strong></span> <span class='ocrx_word' id='word_1_12' title='bbox 695 351 736 428; x_wconf 83' lang='lat' dir='ltr'><strong>G.</strong></span> <span class='ocrx_word' id='word_1_13' title='bbox 757 353 964 428; x_wconf 77' lang='lat' dir='ltr'><strong>nnnnovn</strong></span> 
     </span>
    </p>
   </div>
   <div class='ocr_carea' id='block_1_3' title="bbox 233 503 1346 3916">
    <p class='ocr_par' dir='ltr' id='par_1_3' title="bbox 238 503 1346 1532">
     <span class='ocr_line' id='line_1_3' title="bbox 245 503 1346 596; baseline 0.006 -23"><span class='ocrx_word' id='word_1_14' title='bbox 245 503 592 586; x_wconf 71' lang='lat' dir='ltr'><strong>Kuvooovrsvovndisoo</strong></span> <span class='ocrx_word' id='word_1_15' title='bbox 622 509 794 588; x_wconf 70' lang='grc' dir='ltr'><strong><em>ἐπίσκοπος.</em></strong></span> <span class='ocrx_word' id='word_1_16' title='bbox 840 512 1029 596; x_wconf 70' lang='lat' dir='ltr'><strong>Quamquam</strong></span> <span class='ocrx_word' id='word_1_17' title='bbox 1053 513 1148 596; x_wconf 83' lang='lat' dir='ltr'><strong>igitur</strong></span> <span class='ocrx_word' id='word_1_18' title='bbox 1177 535 1346 596; x_wconf 79' lang='lat' dir='ltr'><strong>cognomen</strong></span> 
     </span>
     <span class='ocr_line' id='line_1_4' title="bbox 244 595 1344 684; baseline 0.011 -30"><span class='ocrx_word' id='word_1_19' title='bbox 244 595 451 676; x_wconf 78' lang='lat' dir='ltr'><strong>Gbrysostonri</strong></span> <span class='ocrx_word' id='word_1_20' title='bbox 468 597 526 656; x_wconf 82' lang='lat' dir='ltr'><strong>ianr</strong></span> <span class='ocrx_word' id='word_1_21' title='bbox 548 595 702 675; x_wconf 80' lang='lat' dir='ltr'><strong>vulgatum</strong></span> <span class='ocrx_word' id='word_1_22' title='bbox 724 608 807 674; x_wconf 87' lang='lat' dir='ltr'><strong>erat,</strong></span> <span class='ocrx_word' id='word_1_23' title='bbox 827 608 928 660; x_wconf 88' lang='lat' dir='ltr'><strong>tamen</strong></span> <span class='ocrx_word' id='word_1_24' title='bbox 943 601 1061 662; x_wconf 86' lang='lat' dir='ltr'><strong>nonita</strong></span> <span class='ocrx_word' id='word_1_25' title='bbox 1076 603 1282 684; x_wconf 74' lang='lat' dir='ltr'><strong>praevalebat,</strong></span> <span class='ocrx_word' id='word_1_26' title='bbox 1304 615 1344 666; x_wconf 86' lang='lat' dir='ltr'><strong>ut</strong></span> 
     </span>
     <span class='ocr_line' id='line_1_5' title="bbox 240 681 1342 762; baseline 0.005 -18"><span class='ocrx_word' id='word_1_27' title='bbox 240 701 353 744; x_wconf 82' lang='lat' dir='ltr'><strong>nomen</strong></span> <span class='ocrx_word' id='word_1_28' title='bbox 363 681 481 742; x_wconf 88' lang='lat' dir='ltr'><strong>Ioannis</strong></span> <span class='ocrx_word' id='word_1_29' title='bbox 494 702 615 762; x_wconf 86' lang='lat' dir='ltr'><strong>prorsus</strong></span> <span class='ocrx_word' id='word_1_30' title='bbox 629 682 832 759; x_wconf 66' lang='lat' dir='ltr'><strong>omitteretnro</strong></span> <span class='ocrx_word' id='word_1_31' title='bbox 852 705 956 746; x_wconf 77' lang='lat' dir='ltr'><strong>rernm</strong></span> <span class='ocrx_word' id='word_1_32' title='bbox 967 707 1039 748; x_wconf 87' lang='lat' dir='ltr'><strong>mox</strong></span> <span class='ocrx_word' id='word_1_33' title='bbox 1052 687 1181 762; x_wconf 86' lang='lat' dir='ltr'><strong>nomine,</strong></span> <span class='ocrx_word' id='word_1_34' title='bbox 1203 709 1274 748; x_wconf 81' lang='lat' dir='ltr'><strong>mox</strong></span> <span class='ocrx_word' id='word_1_35' title='bbox 1285 709 1342 748; x_wconf 91' lang='lat' dir='ltr'><strong>co-</strong></span> 
     </span>
     <span class='ocr_line' id='line_1_6' title="bbox 242 766 1343 854; baseline 0.005 -28"><span class='ocrx_word' id='word_1_36' title='bbox 242 767 383 846; x_wconf 86' lang='lat' dir='ltr'><strong>gnomina</strong></span> <span class='ocrx_word' id='word_1_37' title='bbox 395 768 568 832; x_wconf 80' lang='lat' dir='ltr'><strong>vocabatur.</strong></span> <span class='ocrx_word' id='word_1_38' title='bbox 609 766 683 828; x_wconf 86' lang='lat' dir='ltr'><strong>lnde</strong></span> <span class='ocrx_word' id='word_1_39' title='bbox 694 768 839 846; x_wconf 89' lang='lat' dir='ltr'><strong>coniicio,</strong></span> <span class='ocrx_word' id='word_1_40' title='bbox 863 771 998 850; x_wconf 82' lang='lat' dir='ltr'><strong>Gregorii</strong></span> <span class='ocrx_word' id='word_1_41' title='bbox 1014 781 1126 848; x_wconf 84' lang='lat' dir='ltr'><strong>aetate,</strong></span> <span class='ocrx_word' id='word_1_42' title='bbox 1151 773 1204 852; x_wconf 87' lang='lat' dir='ltr'><strong>qni</strong></span> <span class='ocrx_word' id='word_1_43' title='bbox 1222 783 1343 854; x_wconf 87' lang='lat' dir='ltr'><strong>septua-</strong></span> 
     </span>
     <span class='ocr_line' id='line_1_7' title="bbox 242 851 1344 939; baseline 0.009 -29"><span class='ocrx_word' id='word_1_44' title='bbox 242 851 326 933; x_wconf 86' lang='lat' dir='ltr'><strong>ginta</strong></span> <span class='ocrx_word' id='word_1_45' title='bbox 350 851 399 913; x_wconf 87' lang='lat' dir='ltr'><strong>vel</strong></span> <span class='ocrx_word' id='word_1_46' title='bbox 421 853 572 931; x_wconf 88' lang='lat' dir='ltr'><strong>octoginta</strong></span> <span class='ocrx_word' id='word_1_47' title='bbox 594 873 689 914; x_wconf 87' lang='lat' dir='ltr'><strong>annos</strong></span> <span class='ocrx_word' id='word_1_48' title='bbox 710 863 778 914; x_wconf 89' lang='lat' dir='ltr'><strong>ante</strong></span> <span class='ocrx_word' id='word_1_49' title='bbox 794 853 936 916; x_wconf 87' lang='lat' dir='ltr'><strong>Photium</strong></span> <span class='ocrx_word' id='word_1_50' title='bbox 951 856 1089 938; x_wconf 82' lang='lat' dir='ltr'><strong>scripsit,</strong></span> <span class='ocrx_word' id='word_1_51' title='bbox 1112 853 1254 920; x_wconf 89' lang='lat' dir='ltr'><strong>loannem</strong></span> <span class='ocrx_word' id='word_1_52' title='bbox 1274 859 1344 939; x_wconf 85' lang='lat' dir='ltr'><strong>ple·</strong></span> 
     </span>
     <span class='ocr_line' id='line_1_8' title="bbox 240 935 1344 1022; baseline 0.005 -24"><span class='ocrx_word' id='word_1_53' title='bbox 240 957 369 1015; x_wconf 83' lang='lat' dir='ltr'><strong>rumque</strong></span> <span class='ocrx_word' id='word_1_54' title='bbox 392 935 490 997; x_wconf 90' lang='lat' dir='ltr'><strong>adhuc</strong></span> <span class='ocrx_word' id='word_1_55' title='bbox 509 936 629 996; x_wconf 87' lang='lat' dir='ltr'><strong>nomino</strong></span> <span class='ocrx_word' id='word_1_56' title='bbox 645 959 698 999; x_wconf 90' lang='lat' dir='ltr'><strong>suo</strong></span> <span class='ocrx_word' id='word_1_57' title='bbox 711 959 820 1000; x_wconf 84' lang='lat' dir='ltr'><strong>vocare</strong></span> <span class='ocrx_word' id='word_1_58' title='bbox 834 941 867 1000; x_wconf 91' lang='lat' dir='ltr'><strong>in</strong></span> <span class='ocrx_word' id='word_1_59' title='bbox 881 961 964 1004; x_wconf 86' lang='lat' dir='ltr'><strong>more</strong></span> <span class='ocrx_word' id='word_1_60' title='bbox 979 944 1082 1020; x_wconf 87' lang='lat' dir='ltr'><strong>fuisse,</strong></span> <span class='ocrx_word' id='word_1_61' title='bbox 1105 944 1162 1002; x_wconf 89' lang='lat' dir='ltr'><strong>etsi</strong></span> <span class='ocrx_word' id='word_1_62' title='bbox 1176 963 1344 1022; x_wconf 84' lang='lat' dir='ltr'><strong>cognomen</strong></span> 
     </span>
     <span class='ocr_line' id='line_1_9' title="bbox 238 1019 1344 1108; baseline 0.01 -29"><span class='ocrx_word' id='word_1_63' title='bbox 238 1019 447 1102; x_wconf 63' lang='lat' dir='ltr'><strong>chrysostomi</strong></span> <span class='ocrx_word' id='word_1_64' title='bbox 459 1043 521 1082; x_wconf 87' lang='lat' dir='ltr'><strong>non</strong></span> <span class='ocrx_word' id='word_1_65' title='bbox 533 1022 669 1100; x_wconf 87' lang='lat' dir='ltr'><strong>ignotum</strong></span> <span class='ocrx_word' id='word_1_66' title='bbox 680 1035 753 1102; x_wconf 87' lang='lat' dir='ltr'><strong>erat,</strong></span> <span class='ocrx_word' id='word_1_67' title='bbox 768 1045 828 1104; x_wconf 89' lang='lat' dir='ltr'><strong>quo</strong></span> <span class='ocrx_word' id='word_1_68' title='bbox 840 1026 990 1108; x_wconf 91' lang='lat' dir='ltr'><strong>principio</strong></span> <span class='ocrx_word' id='word_1_69' title='bbox 1003 1036 1129 1108; x_wconf 89' lang='lat' dir='ltr'><strong>propter</strong></span> <span class='ocrx_word' id='word_1_70' title='bbox 1142 1029 1344 1108; x_wconf 85' lang='lat' dir='ltr'><strong>eloquentiam</strong></span> 
     </span>
     <span class='ocr_line' id='line_1_10' title="bbox 241 1107 1342 1194; baseline 0.004 -24"><span class='ocrx_word' id='word_1_71' title='bbox 241 1117 375 1183; x_wconf 72' lang='lat' dir='ltr'><strong>ornabas,</strong></span> <span class='ocrx_word' id='word_1_72' title='bbox 394 1107 462 1167; x_wconf 90' lang='lat' dir='ltr'><strong>dein</strong></span> <span class='ocrx_word' id='word_1_73' title='bbox 476 1107 512 1166; x_wconf 91' lang='lat' dir='ltr'><strong>ab</strong></span> <span class='ocrx_word' id='word_1_74' title='bbox 519 1108 587 1167; x_wconf 88' lang='lat' dir='ltr'><strong>aliis</strong></span> <span class='ocrx_word' id='word_1_75' title='bbox 596 1109 743 1190; x_wconf 88' lang='lat' dir='ltr'><strong>episcopia</strong></span> <span class='ocrx_word' id='word_1_76' title='bbox 752 1111 1050 1194; x_wconf 72' lang='lat' dir='ltr'><strong>Conemntinopolens</strong></span> <span class='ocrx_word' id='word_1_77' title='bbox 1065 1113 1195 1172; x_wconf 85' lang='lat' dir='ltr'><strong>eiusdem</strong></span> <span class='ocrx_word' id='word_1_78' title='bbox 1207 1114 1342 1174; x_wconf 86' lang='lat' dir='ltr'><strong>nominis</strong></span> 
     </span>
     <span class='ocr_line' id='line_1_11' title="bbox 240 1191 1341 1278; baseline 0.003 -22"><span class='ocrx_word' id='word_1_79' title='bbox 240 1191 403 1257; x_wconf 81' lang='lat' dir='ltr'><strong>distinctus</strong></span> <span class='ocrx_word' id='word_1_80' title='bbox 423 1203 476 1255; x_wconf 90' lang='lat' dir='ltr'><strong>est.</strong></span> <span class='ocrx_word' id='word_1_81' title='bbox 520 1194 664 1272; x_wconf 85' lang='lat' dir='ltr'><strong>Georgius</strong></span> <span class='ocrx_word' id='word_1_82' title='bbox 681 1195 788 1274; x_wconf 86' lang='lat' dir='ltr'><strong>igitur,</strong></span> <span class='ocrx_word' id='word_1_83' title='bbox 812 1197 937 1276; x_wconf 84' lang='lat' dir='ltr'><strong>opinor,</strong></span> <span class='ocrx_word' id='word_1_84' title='bbox 959 1199 1100 1258; x_wconf 84' lang='lat' dir='ltr'><strong>loannem</strong></span> <span class='ocrx_word' id='word_1_85' title='bbox 1114 1199 1341 1278; x_wconf 86' lang='lat' dir='ltr'><strong>cognominibus</strong></span> 
     </span>
     <span class='ocr_line' id='line_1_12' title="bbox 239 1277 1343 1356; baseline 0.002 -14"><span class='ocrx_word' id='word_1_86' title='bbox 239 1278 339 1342; x_wconf 83' lang='lat' dir='ltr'><strong>sancti</strong></span> <span class='ocrx_word' id='word_1_87' title='bbox 358 1287 388 1337; x_wconf 91' lang='lat' dir='ltr'><strong>et</strong></span> <span class='ocrx_word' id='word_1_88' title='bbox 409 1277 509 1356; x_wconf 86' lang='lat' dir='ltr'><strong>magni</strong></span> <span class='ocrx_word' id='word_1_89' title='bbox 527 1279 608 1338; x_wconf 86' lang='lat' dir='ltr'><strong>inter</strong></span> <span class='ocrx_word' id='word_1_90' title='bbox 629 1279 766 1340; x_wconf 87' lang='lat' dir='ltr'><strong>doctores</strong></span> <span class='ocrx_word' id='word_1_91' title='bbox 787 1279 972 1342; x_wconf 70' lang='lat' dir='ltr'><strong>Christianos</strong></span> <span class='ocrx_word' id='word_1_92' title='bbox 995 1283 1066 1344; x_wconf 86' lang='lat' dir='ltr'><strong>satis</strong></span> <span class='ocrx_word' id='word_1_93' title='bbox 1087 1283 1259 1344; x_wconf 80' lang='lat' dir='ltr'><strong>distinxisse</strong></span> <span class='ocrx_word' id='word_1_94' title='bbox 1282 1283 1343 1344; x_wconf 91' lang='lat' dir='ltr'><strong>sibi</strong></span> 
     </span>
     <span class='ocr_line' id='line_1_13' title="bbox 241 1361 1341 1449; baseline 0.006 -27"><span class='ocrx_word' id='word_1_95' title='bbox 241 1363 323 1429; x_wconf 77' lang='lat' dir='ltr'><strong>visus</strong></span> <span class='ocrx_word' id='word_1_96' title='bbox 343 1373 423 1423; x_wconf 85' lang='lat' dir='ltr'><strong>crat:</strong></span> <span class='ocrx_word' id='word_1_97' title='bbox 447 1363 543 1424; x_wconf 78' lang='lat' dir='ltr'><strong>leotol-</strong></span> <span class='ocrx_word' id='word_1_98' title='bbox 564 1383 636 1424; x_wconf 88' lang='lat' dir='ltr'><strong>vero</strong></span> <span class='ocrx_word' id='word_1_99' title='bbox 652 1361 705 1424; x_wconf 88' lang='lat' dir='ltr'><strong>ant</strong></span> <span class='ocrx_word' id='word_1_100' title='bbox 720 1366 863 1428; x_wconf 88' lang='lat' dir='ltr'><strong>librarius</strong></span> <span class='ocrx_word' id='word_1_101' title='bbox 879 1368 1030 1430; x_wconf 80' lang='lat' dir='ltr'><strong>recentior</strong></span> <span class='ocrx_word' id='word_1_102' title='bbox 1049 1387 1160 1429; x_wconf 89' lang='lat' dir='ltr'><strong>nomen</strong></span> <span class='ocrx_word' id='word_1_103' title='bbox 1173 1367 1232 1433; x_wconf 88' lang='lat' dir='ltr'><strong>sibi</strong></span> <span class='ocrx_word' id='word_1_104' title='bbox 1246 1369 1341 1449; x_wconf 86' lang='lat' dir='ltr'><strong>magis</strong></span> 
     </span>
     <span class='ocr_line' id='line_1_14' title="bbox 240 1446 833 1532; baseline 0.005 -22"><span class='ocrx_word' id='word_1_105' title='bbox 240 1449 387 1510; x_wconf 71' lang='lat' dir='ltr'><strong>familiare</strong></span> <span class='ocrx_word' id='word_1_106' title='bbox 401 1446 606 1527; x_wconf 77' lang='lat' dir='ltr'><strong>Chrysostomi</strong></span> <span class='ocrx_word' id='word_1_107' title='bbox 620 1449 779 1531; x_wconf 71' lang='lat' dir='ltr'><strong>adscripsit</strong></span> <span class='ocrx_word' id='word_1_108' title='bbox 792 1447 833 1532; x_wconf 77' lang='lat'><strong>⁶).</strong></span> 
     </span>
    </p>

    <p class='ocr_par' dir='ltr' id='par_1_4' title="bbox 237 1529 1344 2245">
     <span class='ocr_line' id='line_1_15' title="bbox 325 1529 1341 1620; baseline 0.006 -28"><span class='ocrx_word' id='word_1_109' title='bbox 325 1533 400 1594; x_wconf 88' lang='lat' dir='ltr'><strong>Dein</strong></span> <span class='ocrx_word' id='word_1_110' title='bbox 412 1533 502 1594; x_wconf 77' lang='lat' dir='ltr'><strong>rerba</strong></span> <span class='ocrx_word' id='word_1_111' title='bbox 518 1533 568 1597; x_wconf 78' lang='lat' dir='ltr'><strong>scol</strong></span> <span class='ocrx_word' id='word_1_112' title='bbox 580 1529 638 1615; x_wconf 66' lang='grc' dir='ltr'><strong>τήν</strong></span> <span class='ocrx_word' id='word_1_113' title='bbox 652 1532 741 1599; x_wconf 63' lang='grc' dir='ltr'><strong>Εὔαν</strong></span> <span class='ocrx_word' id='word_1_114' title='bbox 758 1545 811 1596; x_wconf 87' lang='lat' dir='ltr'><strong>aut</strong></span> <span class='ocrx_word' id='word_1_115' title='bbox 826 1537 863 1596; x_wconf 88' lang='lat' dir='ltr'><strong>ab</strong></span> <span class='ocrx_word' id='word_1_116' title='bbox 878 1537 945 1618; x_wconf 88' lang='lat' dir='ltr'><strong>ipso</strong></span> <span class='ocrx_word' id='word_1_117' title='bbox 961 1547 1083 1598; x_wconf 65' lang='lat' dir='ltr'><strong>sudore</strong></span> <span class='ocrx_word' id='word_1_118' title='bbox 1095 1557 1222 1620; x_wconf 83' lang='lat' dir='ltr'><strong>prorsus</strong></span> <span class='ocrx_word' id='word_1_119' title='bbox 1241 1537 1341 1598; x_wconf 89' lang='lat' dir='ltr'><strong>alieno</strong></span> 
     </span>
     <span class='ocr_line' id='line_1_16' title="bbox 241 1619 1344 1703; baseline 0.001 -21"><span class='ocrx_word' id='word_1_120' title='bbox 241 1619 310 1683; x_wconf 86' lang='lat' dir='ltr'><strong>loco</strong></span> <span class='ocrx_word' id='word_1_121' title='bbox 324 1619 422 1700; x_wconf 88' lang='lat' dir='ltr'><strong>posita</strong></span> <span class='ocrx_word' id='word_1_122' title='bbox 435 1628 514 1696; x_wconf 86' lang='lat' dir='ltr'><strong>aunt,</strong></span> <span class='ocrx_word' id='word_1_123' title='bbox 537 1629 589 1679; x_wconf 87' lang='lat' dir='ltr'><strong>aut</strong></span> <span class='ocrx_word' id='word_1_124' title='bbox 599 1620 702 1701; x_wconf 87' lang='lat' dir='ltr'><strong>potins</strong></span> <span class='ocrx_word' id='word_1_125' title='bbox 716 1642 733 1680; x_wconf 89' lang='lat' dir='ltr'><strong>a</strong></span> <span class='ocrx_word' id='word_1_126' title='bbox 748 1623 890 1682; x_wconf 84' lang='lat' dir='ltr'><strong>nasutnlo</strong></span> <span class='ocrx_word' id='word_1_127' title='bbox 902 1626 1018 1698; x_wconf 73' lang='lat' dir='ltr'><strong>intr-nas</strong></span> <span class='ocrx_word' id='word_1_128' title='bbox 1032 1643 1095 1683; x_wconf 88' lang='lat' dir='ltr'><strong>essa</strong></span> <span class='ocrx_word' id='word_1_129' title='bbox 1105 1623 1265 1700; x_wconf 84' lang='lat' dir='ltr'><strong>videntur,</strong></span> <span class='ocrx_word' id='word_1_130' title='bbox 1287 1623 1344 1703; x_wconf 89' lang='lat' dir='ltr'><strong>qui</strong></span> 
     </span>
     <span class='ocr_line' id='line_1_17' title="bbox 239 1702 1344 1788; baseline 0 -20"><span class='ocrx_word' id='word_1_131' title='bbox 239 1702 392 1768; x_wconf 76' lang='lat' dir='ltr'><strong>Adamum</strong></span> <span class='ocrx_word' id='word_1_132' title='bbox 403 1723 465 1764; x_wconf 92' lang='lat' dir='ltr'><strong>non</strong></span> <span class='ocrx_word' id='word_1_133' title='bbox 480 1705 544 1764; x_wconf 90' lang='lat' dir='ltr'><strong>sine</strong></span> <span class='ocrx_word' id='word_1_134' title='bbox 559 1706 640 1780; x_wconf 88' lang='lat' dir='ltr'><strong>Eva,</strong></span> <span class='ocrx_word' id='word_1_135' title='bbox 661 1716 782 1766; x_wconf 86' lang='lat' dir='ltr'><strong>auctore</strong></span> <span class='ocrx_word' id='word_1_136' title='bbox 798 1707 923 1787; x_wconf 89' lang='lat' dir='ltr'><strong>cnlpae,</strong></span> <span class='ocrx_word' id='word_1_137' title='bbox 945 1729 961 1768; x_wconf 90' lang='lat' dir='ltr'><strong>e</strong></span> <span class='ocrx_word' id='word_1_138' title='bbox 976 1709 1113 1788; x_wconf 73' lang='lat' dir='ltr'><strong>paradiso</strong></span> <span class='ocrx_word' id='word_1_139' title='bbox 1128 1709 1238 1788; x_wconf 86' lang='lat' dir='ltr'><strong>expelli</strong></span> <span class='ocrx_word' id='word_1_140' title='bbox 1254 1727 1344 1788; x_wconf 83' lang='lat' dir='ltr'><strong>posse</strong></span> 
     </span>
     <span class='ocr_line' id='line_1_18' title="bbox 241 1789 1341 1872; baseline 0.004 -24"><span class='ocrx_word' id='word_1_141' title='bbox 241 1789 300 1852; x_wconf 90' lang='lat' dir='ltr'><strong>sibi</strong></span> <span class='ocrx_word' id='word_1_142' title='bbox 314 1789 448 1854; x_wconf 82' lang='lat' dir='ltr'><strong>finxerit.</strong></span> <span class='ocrx_word' id='word_1_143' title='bbox 492 1791 533 1850; x_wconf 88' lang='lat' dir='ltr'><strong>Et</strong></span> <span class='ocrx_word' id='word_1_144' title='bbox 544 1791 577 1850; x_wconf 89' lang='lat' dir='ltr'><strong>in</strong></span> <span class='ocrx_word' id='word_1_145' title='bbox 590 1790 669 1868; x_wconf 88' lang='lat' dir='ltr'><strong>loco,</strong></span> <span class='ocrx_word' id='word_1_146' title='bbox 692 1811 781 1872; x_wconf 87' lang='lat' dir='ltr'><strong>quern</strong></span> <span class='ocrx_word' id='word_1_147' title='bbox 792 1792 936 1869; x_wconf 84' lang='lat' dir='ltr'><strong>Georgius</strong></span> <span class='ocrx_word' id='word_1_148' title='bbox 950 1794 1085 1872; x_wconf 86' lang='lat' dir='ltr'><strong>respicit,</strong></span> <span class='ocrx_word' id='word_1_149' title='bbox 1105 1794 1139 1854; x_wconf 89' lang='lat' dir='ltr'><strong>iu</strong></span> <span class='ocrx_word' id='word_1_150' title='bbox 1152 1793 1283 1854; x_wconf 88' lang='lat' dir='ltr'><strong>Humilia</strong></span> <span class='ocrx_word' id='word_1_151' title='bbox 1298 1795 1341 1860; x_wconf 82' lang='lat'><strong>59</strong></span> 
     </span>
     <span class='ocr_line' id='line_1_19' title="bbox 240 1873 1342 1957; baseline 0.005 -24"><span class='ocrx_word' id='word_1_152' title='bbox 240 1875 280 1938; x_wconf 86' lang='lat' dir='ltr'><strong>sd</strong></span> <span class='ocrx_word' id='word_1_153' title='bbox 293 1873 435 1934; x_wconf 85' lang='lat' dir='ltr'><strong>Matthaei</strong></span> <span class='ocrx_word' id='word_1_154' title='bbox 457 1878 683 1956; x_wconf 81' lang='lat' dir='ltr'><strong>cap.18.vcrs.</strong></span> <span class='ocrx_word' id='word_1_155' title='bbox 704 1883 736 1943; x_wconf 83' lang='grc'><strong>7.</strong></span> <span class='ocrx_word' id='word_1_156' title='bbox 759 1877 845 1936; x_wconf 90' lang='lat' dir='ltr'><strong>nulla</strong></span> <span class='ocrx_word' id='word_1_157' title='bbox 861 1877 941 1940; x_wconf 81' lang='lat' dir='ltr'><strong>Evae</strong></span> <span class='ocrx_word' id='word_1_158' title='bbox 955 1879 1067 1940; x_wconf 87' lang='lat' dir='ltr'><strong>mantio</strong></span> <span class='ocrx_word' id='word_1_159' title='bbox 1089 1888 1143 1939; x_wconf 84' lang='lat' dir='ltr'><strong>est.</strong></span> <span class='ocrx_word' id='word_1_160' title='bbox 1186 1923 1205 1957; x_wconf 91' lang='lat'><strong>„</strong></span> <span class='ocrx_word' id='word_1_161' title='bbox 1214 1878 1342 1956; x_wconf 84' lang='lat' dir='ltr'><strong>Etenim,</strong></span> 
     </span>
     <span class='ocr_line' id='line_1_20' title="bbox 239 1960 1342 2044; baseline 0.001 -24"><span class='ocrx_word' id='word_1_162' title='bbox 239 1960 500 2038; x_wconf 84' lang='lat' dir='ltr'><strong>scribitloannes,</strong></span> <span class='ocrx_word' id='word_1_163' title='bbox 522 1961 549 2020; x_wconf 90' lang='lat' dir='ltr'><strong>si</strong></span> <span class='ocrx_word' id='word_1_164' title='bbox 571 1961 686 2041; x_wconf 89' lang='lat' dir='ltr'><strong>primns</strong></span> <span class='ocrx_word' id='word_1_165' title='bbox 701 1960 793 2022; x_wconf 88' lang='lat' dir='ltr'><strong>bomo</strong></span> <span class='ocrx_word' id='word_1_166' title='bbox 812 1962 904 2022; x_wconf 82' lang='lat' dir='ltr'><strong>breve</strong></span> <span class='ocrx_word' id='word_1_167' title='bbox 919 1971 1039 2022; x_wconf 87' lang='lat' dir='ltr'><strong>tantum</strong></span> <span class='ocrx_word' id='word_1_168' title='bbox 1056 1973 1190 2044; x_wconf 86' lang='lat' dir='ltr'><strong>ternpus,</strong></span> <span class='ocrx_word' id='word_1_169' title='bbox 1212 1963 1342 2024; x_wconf 83' lang='lat' dir='ltr'><strong>fortasse</strong></span> 
     </span>
     <span class='ocr_line' id='line_1_21' title="bbox 238 2045 1342 2127; baseline 0 -19"><span class='ocrx_word' id='word_1_170' title='bbox 238 2067 279 2108; x_wconf 85' lang='lat' dir='ltr'><strong>na</strong></span> <span class='ocrx_word' id='word_1_171' title='bbox 293 2055 389 2106; x_wconf 88' lang='lat' dir='ltr'><strong>totum</strong></span> <span class='ocrx_word' id='word_1_172' title='bbox 406 2047 526 2126; x_wconf 88' lang='lat' dir='ltr'><strong>quidem</strong></span> <span class='ocrx_word' id='word_1_173' title='bbox 541 2045 619 2106; x_wconf 86' lang='lat' dir='ltr'><strong>diem</strong></span> <span class='ocrx_word' id='word_1_174' title='bbox 637 2045 751 2106; x_wconf 88' lang='lat' dir='ltr'><strong>deliciis</strong></span> <span class='ocrx_word' id='word_1_175' title='bbox 763 2047 893 2127; x_wconf 85' lang='lat' dir='ltr'><strong>paradisi</strong></span> <span class='ocrx_word' id='word_1_176' title='bbox 908 2048 1011 2108; x_wconf 77' lang='lat' dir='ltr'><strong>fruens</strong></span> <span class='ocrx_word' id='word_1_177' title='bbox 1020 2093 1029 2124; x_wconf 95' lang='lat'><strong>,</strong></span> <span class='ocrx_word' id='word_1_178' title='bbox 1052 2048 1090 2107; x_wconf 88' lang='lat' dir='ltr'><strong>ad</strong></span> <span class='ocrx_word' id='word_1_179' title='bbox 1107 2057 1220 2108; x_wconf 76' lang='lat' dir='ltr'><strong>tantm</strong></span> <span class='ocrx_word' id='word_1_180' title='bbox 1236 2049 1342 2127; x_wconf 86' lang='lat' dir='ltr'><strong>pravi-</strong></span> 
     </span>
     <span class='ocr_line' id='line_1_22' title="bbox 237 2131 1342 2245; baseline -0.003 -50"><span class='ocrx_word' id='word_1_181' title='bbox 237 2140 331 2195; x_wconf 79' lang='lat' dir='ltr'><strong>atam</strong></span> <span class='ocrx_word' id='word_1_182' title='bbox 345 2151 518 2212; x_wconf 85' lang='lat' dir='ltr'><strong>progressus</strong></span> <span class='ocrx_word' id='word_1_183' title='bbox 535 2140 592 2207; x_wconf 87' lang='lat' dir='ltr'><strong>est,</strong></span> <span class='ocrx_word' id='word_1_184' title='bbox 614 2141 649 2190; x_wconf 90' lang='lat' dir='ltr'><strong>ut</strong></span> <span class='ocrx_word' id='word_1_185' title='bbox 665 2151 696 2190; x_wconf 89' lang='lat' dir='ltr'><strong>se</strong></span> <span class='ocrx_word' id='word_1_186' title='bbox 711 2133 772 2191; x_wconf 90' lang='lat' dir='ltr'><strong>Deo</strong></span> <span class='ocrx_word' id='word_1_187' title='bbox 789 2131 912 2191; x_wconf 81' lang='lat' dir='ltr'><strong>similem</strong></span> <span class='ocrx_word' id='word_1_188' title='bbox 928 2153 989 2192; x_wconf 86' lang='lat' dir='ltr'><strong>esse</strong></span> <span class='ocrx_word' id='word_1_189' title='bbox 1002 2133 1142 2212; x_wconf 85' lang='lat' dir='ltr'><strong>lingeret:</strong></span> <span class='ocrx_word' id='word_1_190' title='bbox 1166 2133 1240 2213; x_wconf 89' lang='lat' dir='ltr'><strong>qnid</strong></span> <span class='ocrx_word' id='word_1_191' title='bbox 1252 2153 1342 2245; x_wconf 44' lang='lat' dir='ltr'><strong>perag</strong></span> 
     </span>
    </p>

    <p class='ocr_par' dir='ltr' id='par_1_5' title="bbox 233 2293 1343 2973">
     <span class='ocr_line' id='line_1_23' title="bbox 323 2293 1341 2386; baseline 0.003 -26"><span class='ocrx_word' id='word_1_192' title='bbox 323 2301 407 2375; x_wconf 85' lang='lat' dir='ltr'><strong>Qnid</strong></span> <span class='ocrx_word' id='word_1_193' title='bbox 426 2301 554 2382; x_wconf 87' lang='lat' dir='ltr'><strong>denique</strong></span> <span class='ocrx_word' id='word_1_194' title='bbox 570 2293 700 2386; x_wconf 77' lang='lat' dir='ltr'><strong>verbapi</strong></span> <span class='ocrx_word' id='word_1_195' title='bbox 720 2301 782 2365; x_wconf 80' lang='grc' dir='ltr'><strong>καὶ</strong></span> <span class='ocrx_word' id='word_1_196' title='bbox 800 2297 1143 2384; x_wconf 75' lang='grc' dir='ltr'><strong><em>ἦμεῖςπεαθόμεθα</em></strong></span> <span class='ocrx_word' id='word_1_197' title='bbox 1158 2304 1216 2362; x_wconf 90' lang='lat' dir='ltr'><strong>sibi</strong></span> <span class='ocrx_word' id='word_1_198' title='bbox 1235 2305 1341 2382; x_wconf 86' lang='lat' dir='ltr'><strong>velint,</strong></span> 
     </span>
     <span class='ocr_line' id='line_1_24' title="bbox 238 2385 1342 2470; baseline 0.001 -22"><span class='ocrx_word' id='word_1_199' title='bbox 238 2407 302 2448; x_wconf 88' lang='lat' dir='ltr'><strong>non</strong></span> <span class='ocrx_word' id='word_1_200' title='bbox 325 2385 425 2448; x_wconf 80' lang='lat' dir='ltr'><strong>video.</strong></span> <span class='ocrx_word' id='word_1_201' title='bbox 456 2387 497 2465; x_wconf 89' lang='lat' dir='ltr'><strong>Si,</strong></span> <span class='ocrx_word' id='word_1_202' title='bbox 512 2385 593 2466; x_wconf 85' lang='lat' dir='ltr'><strong>quod</strong></span> <span class='ocrx_word' id='word_1_203' title='bbox 605 2395 765 2447; x_wconf 81' lang='lat' dir='ltr'><strong>contextus</strong></span> <span class='ocrx_word' id='word_1_204' title='bbox 778 2389 940 2448; x_wconf 86' lang='lat' dir='ltr'><strong>verborum</strong></span> <span class='ocrx_word' id='word_1_205' title='bbox 956 2390 1121 2449; x_wconf 85' lang='lat' dir='ltr'><strong>necessario</strong></span> <span class='ocrx_word' id='word_1_206' title='bbox 1136 2391 1285 2470; x_wconf 86' lang='lat' dir='ltr'><strong>postulat,</strong></span> <span class='ocrx_word' id='word_1_207' title='bbox 1301 2391 1342 2449; x_wconf 89' lang='lat' dir='ltr'><strong>ad</strong></span> 
     </span>
     <span class='ocr_line' id='line_1_25' title="bbox 235 2468 1340 2557; baseline 0.002 -23"><span class='ocrx_word' id='word_1_208' title='bbox 235 2473 382 2534; x_wconf 86' lang='lat' dir='ltr'><strong>Ioannem</strong></span> <span class='ocrx_word' id='word_1_209' title='bbox 395 2473 500 2551; x_wconf 76' lang='lat' dir='ltr'><strong>reims,</strong></span> <span class='ocrx_word' id='word_1_210' title='bbox 523 2471 735 2532; x_wconf 87' lang='lat' dir='ltr'><strong>contradicunt</strong></span> <span class='ocrx_word' id='word_1_211' title='bbox 748 2473 849 2533; x_wconf 84' lang='lat' dir='ltr'><strong>statim</strong></span> <span class='ocrx_word' id='word_1_212' title='bbox 866 2475 1030 2554; x_wconf 87' lang='lat' dir='ltr'><strong>sequentia,</strong></span> <span class='ocrx_word' id='word_1_213' title='bbox 1052 2475 1204 2533; x_wconf 86' lang='lat' dir='ltr'><strong>nonenim</strong></span> <span class='ocrx_word' id='word_1_214' title='bbox 1216 2468 1340 2557; x_wconf 72' lang='grc' dir='ltr'><strong><em>Ἰωάννῃ</em></strong></span> 
     </span>
     <span class='ocr_line' id='line_1_26' title="bbox 234 2559 1340 2640; baseline -0.003 -18"><span class='ocrx_word' id='word_1_215' title='bbox 234 2560 392 2635; x_wconf 71' lang='grc' dir='ltr'><strong><em>πείθεται,</em></strong></span> <span class='ocrx_word' id='word_1_216' title='bbox 414 2559 467 2618; x_wconf 88' lang='lat' dir='ltr'><strong>aad</strong></span> <span class='ocrx_word' id='word_1_217' title='bbox 485 2568 670 2634; x_wconf 88' lang='lat' dir='ltr'><strong>commonet,</strong></span> <span class='ocrx_word' id='word_1_218' title='bbox 691 2577 731 2618; x_wconf 89' lang='lat' dir='ltr'><strong>ne</strong></span> <span class='ocrx_word' id='word_1_219' title='bbox 748 2559 880 2620; x_wconf 86' lang='lat' dir='ltr'><strong>adivino</strong></span> <span class='ocrx_word' id='word_1_220' title='bbox 897 2561 1012 2640; x_wconf 77' lang='lat' dir='ltr'><strong>Spiritu</strong></span> <span class='ocrx_word' id='word_1_221' title='bbox 1029 2559 1149 2620; x_wconf 88' lang='lat' dir='ltr'><strong>silentio</strong></span> <span class='ocrx_word' id='word_1_222' title='bbox 1162 2559 1260 2619; x_wconf 83' lang='lat' dir='ltr'><strong>velata</strong></span> <span class='ocrx_word' id='word_1_223' title='bbox 1272 2579 1340 2639; x_wconf 89' lang='lat' dir='ltr'><strong>per·</strong></span> 
     </span>
     <span class='ocr_line' id='line_1_27' title="bbox 236 2643 1341 2723; baseline -0.002 -17"><span class='ocrx_word' id='word_1_224' title='bbox 236 2651 418 2706; x_wconf 82' lang='lat' dir='ltr'><strong>acrntemur.</strong></span> <span class='ocrx_word' id='word_1_225' title='bbox 460 2643 492 2702; x_wconf 84' lang='lat' dir='ltr'><strong>si</strong></span> <span class='ocrx_word' id='word_1_226' title='bbox 505 2663 578 2703; x_wconf 84' lang='lat' dir='ltr'><strong>vero</strong></span> <span class='ocrx_word' id='word_1_227' title='bbox 591 2643 629 2704; x_wconf 89' lang='lat' dir='ltr'><strong>ad</strong></span> <span class='ocrx_word' id='word_1_228' title='bbox 642 2643 837 2723; x_wconf 84' lang='lat' dir='ltr'><strong>Evangelium</strong></span> <span class='ocrx_word' id='word_1_229' title='bbox 850 2644 993 2704; x_wconf 83' lang='lat' dir='ltr'><strong>Matthaei</strong></span> <span class='ocrx_word' id='word_1_230' title='bbox 1006 2645 1098 2706; x_wconf 86' lang='lat' dir='ltr'><strong>verbs</strong></span> <span class='ocrx_word' id='word_1_231' title='bbox 1111 2645 1224 2704; x_wconf 85' lang='lat' dir='ltr'><strong>referre</strong></span> <span class='ocrx_word' id='word_1_232' title='bbox 1236 2645 1341 2720; x_wconf 80' lang='lat' dir='ltr'><strong>velles,</strong></span> 
     </span>
     <span class='ocr_line' id='line_1_28' title="bbox 233 2728 1343 2810; baseline -0.003 -21"><span class='ocrx_word' id='word_1_233' title='bbox 233 2729 400 2790; x_wconf 85' lang='lat' dir='ltr'><strong>ridiculose</strong></span> <span class='ocrx_word' id='word_1_234' title='bbox 416 2729 555 2810; x_wconf 86' lang='lat' dir='ltr'><strong>apposita</strong></span> <span class='ocrx_word' id='word_1_235' title='bbox 566 2739 672 2791; x_wconf 83' lang='lat' dir='ltr'><strong>essent.</strong></span> <span class='ocrx_word' id='word_1_236' title='bbox 716 2731 835 2807; x_wconf 75' lang='lat' dir='ltr'><strong>Timeo,</strong></span> <span class='ocrx_word' id='word_1_237' title='bbox 857 2751 896 2790; x_wconf 91' lang='lat' dir='ltr'><strong>ne</strong></span> <span class='ocrx_word' id='word_1_238' title='bbox 910 2729 1020 2789; x_wconf 88' lang='lat' dir='ltr'><strong>nimius</strong></span> <span class='ocrx_word' id='word_1_239' title='bbox 1036 2729 1069 2788; x_wconf 91' lang='lat' dir='ltr'><strong>in</strong></span> <span class='ocrx_word' id='word_1_240' title='bbox 1086 2728 1186 2789; x_wconf 88' lang='lat' dir='ltr'><strong>verbis</strong></span> <span class='ocrx_word' id='word_1_241' title='bbox 1201 2748 1343 2786; x_wconf 87' lang='lat' dir='ltr'><strong>resecan-</strong></span> 
     </span>
     <span class='ocr_line' id='line_1_29' title="bbox 237 2810 1340 2892; baseline -0.004 -14"><span class='ocrx_word' id='word_1_242' title='bbox 237 2813 285 2878; x_wconf 81' lang='lat' dir='ltr'><strong>dis</strong></span> <span class='ocrx_word' id='word_1_243' title='bbox 309 2813 429 2874; x_wconf 82' lang='lat' dir='ltr'><strong>videar:</strong></span> <span class='ocrx_word' id='word_1_244' title='bbox 457 2823 588 2875; x_wconf 84' lang='lat' dir='ltr'><strong>attamen</strong></span> <span class='ocrx_word' id='word_1_245' title='bbox 610 2833 663 2892; x_wconf 85' lang='lat' dir='ltr'><strong>ego</strong></span> <span class='ocrx_word' id='word_1_246' title='bbox 684 2815 805 2891; x_wconf 88' lang='lat' dir='ltr'><strong>quidem</strong></span> <span class='ocrx_word' id='word_1_247' title='bbox 827 2815 917 2874; x_wconf 86' lang='lat' dir='ltr'><strong>sliam</strong></span> <span class='ocrx_word' id='word_1_248' title='bbox 934 2811 1080 2872; x_wconf 82' lang='lat' dir='ltr'><strong>medelam</strong></span> <span class='ocrx_word' id='word_1_249' title='bbox 1097 2810 1160 2871; x_wconf 86' lang='lat' dir='ltr'><strong>loci</strong></span> <span class='ocrx_word' id='word_1_250' title='bbox 1174 2832 1238 2874; x_wconf 87' lang='lat' dir='ltr'><strong>non</strong></span> <span class='ocrx_word' id='word_1_251' title='bbox 1250 2811 1340 2874; x_wconf 79' lang='lat' dir='ltr'><strong>video</strong></span> 
     </span>
     <span class='ocr_line' id='line_1_30' title="bbox 237 2895 803 2973; baseline -0.005 -12"><span class='ocrx_word' id='word_1_252' title='bbox 237 2907 269 2960; x_wconf 88' lang='lat' dir='ltr'><strong>et</strong></span> <span class='ocrx_word' id='word_1_253' title='bbox 282 2897 391 2960; x_wconf 82' lang='lat' dir='ltr'><strong>leniori</strong></span> <span class='ocrx_word' id='word_1_254' title='bbox 404 2897 522 2956; x_wconf 88' lang='lat' dir='ltr'><strong>medico</strong></span> <span class='ocrx_word' id='word_1_255' title='bbox 538 2897 663 2973; x_wconf 54' lang='lat' dir='ltr'><strong>matium</strong></span> <span class='ocrx_word' id='word_1_256' title='bbox 678 2895 803 2958; x_wconf 88' lang='lat' dir='ltr'><strong>habebo.</strong></span> 
     </span>
    </p>

    <p class='ocr_par' dir='ltr' id='par_1_6' title="bbox 235 2971 1342 3742">
     <span class='ocr_line' id='line_1_31' title="bbox 317 2971 1341 3063; baseline -0.002 -22"><span class='ocrx_word' id='word_1_257' title='bbox 317 2983 385 3060; x_wconf 87' lang='lat' dir='ltr'><strong>Pag.</strong></span> <span class='ocrx_word' id='word_1_258' title='bbox 399 2981 427 3046; x_wconf 85' lang='lat'><strong>6.</strong></span> <span class='ocrx_word' id='word_1_259' title='bbox 454 2981 486 3040; x_wconf 81' lang='grc' dir='ltr'><strong>Δ.</strong></span> <span class='ocrx_word' id='word_1_260' title='bbox 508 2983 589 3058; x_wconf 83' lang='lat' dir='ltr'><strong>lego:</strong></span> <span class='ocrx_word' id='word_1_261' title='bbox 610 2978 662 3042; x_wconf 76' lang='lat' dir='ltr'><strong>sol</strong></span> <span class='ocrx_word' id='word_1_262' title='bbox 683 2977 761 3063; x_wconf 83' lang='lat' dir='ltr'><strong>(scil.</strong></span> <span class='ocrx_word' id='word_1_263' title='bbox 784 2978 803 3043; x_wconf 85' lang='lat' dir='ltr'><strong>d</strong></span> <span class='ocrx_word' id='word_1_264' title='bbox 814 2983 876 3043; x_wconf 77' lang='grc' dir='ltr'><strong>τῶν</strong></span> <span class='ocrx_word' id='word_1_265' title='bbox 889 2977 1012 3062; x_wconf 69' lang='grc' dir='ltr'><strong><em>ἡμερῶν</em></strong></span> <span class='ocrx_word' id='word_1_266' title='bbox 1033 2971 1178 3062; x_wconf 74' lang='grc' dir='ltr'><strong>ἇριθμδς)</strong></span> <span class='ocrx_word' id='word_1_267' title='bbox 1194 2983 1250 3060; x_wconf 73' lang='grc' dir='ltr'><strong>τῆς</strong></span> <span class='ocrx_word' id='word_1_268' title='bbox 1266 2979 1341 3062; x_wconf 70' lang='lat' dir='ltr'><strong>perol</strong></span> 
     </span>
     <span class='ocr_line' id='line_1_32' title="bbox 236 3059 1342 3152; baseline -0.005 -19"><span class='ocrx_word' id='word_1_269' title='bbox 236 3071 379 3133; x_wconf 73' lang='grc' dir='ltr'><strong><em>τοῦτον</em></strong></span> <span class='ocrx_word' id='word_1_270' title='bbox 400 3059 518 3129; x_wconf 70' lang='grc' dir='ltr'><strong>εἰσόδου</strong></span> <span class='ocrx_word' id='word_1_271' title='bbox 531 3069 586 3145; x_wconf 79' lang='grc' dir='ltr'><strong>τῆς</strong></span> <span class='ocrx_word' id='word_1_272' title='bbox 600 3060 687 3138; x_wconf 69' lang='lat' dir='ltr'><strong>Erice</strong></span> <span class='ocrx_word' id='word_1_273' title='bbox 707 3063 740 3126; x_wconf 75' lang='grc' dir='ltr'><strong>ἒν</strong></span> <span class='ocrx_word' id='word_1_274' title='bbox 753 3068 797 3151; x_wconf 73' lang='grc' dir='ltr'><strong>τῷ</strong></span> <span class='ocrx_word' id='word_1_275' title='bbox 813 3067 1001 3152; x_wconf 77' lang='lat' dir='ltr'><strong>rrupodciopo:</strong></span> <span class='ocrx_word' id='word_1_276' title='bbox 1022 3063 1056 3122; x_wconf 89' lang='lat' dir='ltr'><strong>in</strong></span> <span class='ocrx_word' id='word_1_277' title='bbox 1069 3083 1164 3145; x_wconf 86' lang='lat' dir='ltr'><strong>parva</strong></span> <span class='ocrx_word' id='word_1_278' title='bbox 1179 3065 1286 3125; x_wconf 88' lang='lat' dir='ltr'><strong>Genesi</strong></span> <span class='ocrx_word' id='word_1_279' title='bbox 1305 3067 1342 3128; x_wconf 84' lang='lat' dir='ltr'><strong>fi·</strong></span> 
     </span>
     <span class='ocr_line' id='line_1_33' title="bbox 236 3147 1341 3233; baseline -0.001 -19"><span class='ocrx_word' id='word_1_280' title='bbox 236 3153 324 3218; x_wconf 86' lang='lat' dir='ltr'><strong>nitur</strong></span> <span class='ocrx_word' id='word_1_281' title='bbox 347 3151 427 3228; x_wconf 88' lang='lat' dir='ltr'><strong>dies,</strong></span> <span class='ocrx_word' id='word_1_282' title='bbox 449 3169 510 3230; x_wconf 89' lang='lat' dir='ltr'><strong>qno</strong></span> <span class='ocrx_word' id='word_1_283' title='bbox 527 3158 598 3232; x_wconf 91' lang='lat' dir='ltr'><strong>post</strong></span> <span class='ocrx_word' id='word_1_284' title='bbox 616 3169 684 3209; x_wconf 88' lang='lat' dir='ltr'><strong>eum</strong></span> <span class='ocrx_word' id='word_1_285' title='bbox 700 3147 871 3233; x_wconf 82' lang='lat' dir='ltr'><strong>(Ademum)</strong></span> <span class='ocrx_word' id='word_1_286' title='bbox 883 3147 950 3210; x_wconf 72' lang='lat' dir='ltr'><strong>&#39;Eva</strong></span> <span class='ocrx_word' id='word_1_287' title='bbox 969 3150 1003 3209; x_wconf 94' lang='lat' dir='ltr'><strong>in</strong></span> <span class='ocrx_word' id='word_1_288' title='bbox 1018 3149 1190 3210; x_wconf 87' lang='lat' dir='ltr'><strong>Paradisum</strong></span> <span class='ocrx_word' id='word_1_289' title='bbox 1208 3151 1341 3230; x_wconf 80' lang='lat' dir='ltr'><strong>ingresse</strong></span> 
     </span>
     <span class='ocr_line' id='line_1_34' title="bbox 240 3231 1340 3317; baseline 0.003 -19"><span class='ocrx_word' id='word_1_290' title='bbox 240 3239 290 3302; x_wconf 83' lang='lat' dir='ltr'><strong>sit.</strong></span> <span class='ocrx_word' id='word_1_291' title='bbox 329 3236 423 3316; x_wconf 86' lang='lat' dir='ltr'><strong>Magis</strong></span> <span class='ocrx_word' id='word_1_292' title='bbox 437 3237 563 3296; x_wconf 81' lang='lat' dir='ltr'><strong>forsitan</strong></span> <span class='ocrx_word' id='word_1_293' title='bbox 582 3235 621 3294; x_wconf 88' lang='lat' dir='ltr'><strong>ad</strong></span> <span class='ocrx_word' id='word_1_294' title='bbox 635 3235 851 3296; x_wconf 84' lang='lat' dir='ltr'><strong>Hellenismnm</strong></span> <span class='ocrx_word' id='word_1_295' title='bbox 870 3236 1028 3317; x_wconf 91' lang='lat' dir='ltr'><strong>antiquum</strong></span> <span class='ocrx_word' id='word_1_296' title='bbox 1046 3236 1127 3294; x_wconf 84' lang='lat' dir='ltr'><strong>foret</strong></span> <span class='ocrx_word' id='word_1_297' title='bbox 1146 3237 1211 3314; x_wconf 81' lang='grc' dir='ltr'><strong><em>μετ’</em></strong></span> <span class='ocrx_word' id='word_1_298' title='bbox 1235 3231 1340 3314; x_wconf 68' lang='grc' dir='ltr'><strong><em>αὐτόν,</em></strong></span> 
     </span>
     <span class='ocr_line' id='line_1_35' title="bbox 235 3313 1338 3401; baseline -0.003 -14"><span class='ocrx_word' id='word_1_299' title='bbox 235 3323 298 3387; x_wconf 85' lang='lat' dir='ltr'><strong>nisi</strong></span> <span class='ocrx_word' id='word_1_300' title='bbox 313 3324 433 3384; x_wconf 89' lang='lat' dir='ltr'><strong>litteras</strong></span> <span class='ocrx_word' id='word_1_301' title='bbox 445 3322 536 3381; x_wconf 86' lang='lat' dir='ltr'><strong>nimis</strong></span> <span class='ocrx_word' id='word_1_302' title='bbox 550 3321 732 3383; x_wconf 85' lang='lat' dir='ltr'><strong>recederent.</strong></span> <span class='ocrx_word' id='word_1_303' title='bbox 754 3355 797 3369; x_wconf 89' lang='grc'>-</span> <span class='ocrx_word' id='word_1_304' title='bbox 818 3322 916 3382; x_wconf 89' lang='lat' dir='ltr'><strong>Verba</strong></span> <span class='ocrx_word' id='word_1_305' title='bbox 937 3313 1095 3382; x_wconf 72' lang='lat' dir='ltr'><strong>autumari</strong></span> <span class='ocrx_word' id='word_1_306' title='bbox 1118 3342 1156 3383; x_wconf 83' lang='grc' dir='ltr'><strong>τε</strong></span> <span class='ocrx_word' id='word_1_307' title='bbox 1179 3325 1248 3401; x_wconf 76' lang='grc' dir='ltr'><strong>τῆς</strong></span> <span class='ocrx_word' id='word_1_308' title='bbox 1268 3345 1338 3384; x_wconf 77' lang='lat' dir='ltr'><strong>soo-</strong></span> 
     </span>
     <span class='ocr_line' id='line_1_36' title="bbox 237 3401 1340 3493; baseline -0.004 -22"><span class='ocrx_word' id='word_1_309' title='bbox 237 3403 443 3493; x_wconf 67' lang='lat' dir='ltr'><strong>ponotosoo</strong></span> <span class='ocrx_word' id='word_1_310' title='bbox 472 3407 539 3470; x_wconf 76' lang='lat' dir='ltr'><strong>sul</strong></span> <span class='ocrx_word' id='word_1_311' title='bbox 570 3403 665 3487; x_wconf 75' lang='lat' dir='ltr'><strong>pessi</strong></span> <span class='ocrx_word' id='word_1_312' title='bbox 689 3403 761 3488; x_wconf 69' lang='grc' dir='ltr'><strong>τήν</strong></span> <span class='ocrx_word' id='word_1_313' title='bbox 788 3401 1016 3490; x_wconf 73' lang='grc' dir='ltr'><strong><em>παράβασιν</em></strong></span> <span class='ocrx_word' id='word_1_314' title='bbox 1041 3405 1155 3465; x_wconf 86' lang='lat' dir='ltr'><strong>inserta</strong></span> <span class='ocrx_word' id='word_1_315' title='bbox 1180 3425 1244 3466; x_wconf 86' lang='lat' dir='ltr'><strong>ease</strong></span> <span class='ocrx_word' id='word_1_316' title='bbox 1264 3405 1340 3467; x_wconf 86' lang='lat' dir='ltr'><strong>mihi</strong></span> 
     </span>
     <span class='ocr_line' id='line_1_37' title="bbox 236 3490 1340 3572; baseline -0.005 -16"><span class='ocrx_word' id='word_1_317' title='bbox 236 3493 393 3570; x_wconf 61' lang='lat' dir='ltr'><strong>videntum</strong></span> <span class='ocrx_word' id='word_1_318' title='bbox 409 3513 479 3552; x_wconf 84' lang='lat' dir='ltr'><strong>nam</strong></span> <span class='ocrx_word' id='word_1_319' title='bbox 493 3491 731 3572; x_wconf 85' lang='lat' dir='ltr'><strong>insequentibus</strong></span> <span class='ocrx_word' id='word_1_320' title='bbox 744 3492 834 3553; x_wconf 85' lang='lat' dir='ltr'><strong>evita</strong></span> <span class='ocrx_word' id='word_1_321' title='bbox 846 3491 952 3552; x_wconf 74' lang='lat' dir='ltr'><strong>Adonei</strong></span> <span class='ocrx_word' id='word_1_322' title='bbox 966 3490 1044 3550; x_wconf 89' lang='lat' dir='ltr'><strong>nihil</strong></span> <span class='ocrx_word' id='word_1_323' title='bbox 1056 3491 1092 3550; x_wconf 89' lang='lat' dir='ltr'><strong>de</strong></span> <span class='ocrx_word' id='word_1_324' title='bbox 1106 3491 1340 3570; x_wconf 87' lang='lat' dir='ltr'><strong>transgressione</strong></span> 
     </span>
     <span class='ocr_line' id='line_1_38' title="bbox 237 3577 1339 3657; baseline -0.001 -18"><span class='ocrx_word' id='word_1_325' title='bbox 237 3587 349 3655; x_wconf 80' lang='lat' dir='ltr'><strong>namet,</strong></span> <span class='ocrx_word' id='word_1_326' title='bbox 372 3578 487 3639; x_wconf 89' lang='lat' dir='ltr'><strong>scribae</strong></span> <span class='ocrx_word' id='word_1_327' title='bbox 500 3588 600 3637; x_wconf 88' lang='lat' dir='ltr'><strong>autem</strong></span> <span class='ocrx_word' id='word_1_328' title='bbox 610 3577 685 3637; x_wconf 86' lang='lat' dir='ltr'><strong>baec</strong></span> <span class='ocrx_word' id='word_1_329' title='bbox 695 3577 1057 3657; x_wconf 78' lang='lat' dir='ltr'><strong>gravissimapsrsrernm</strong></span> <span class='ocrx_word' id='word_1_330' title='bbox 1070 3581 1220 3653; x_wconf 87' lang='lat' dir='ltr'><strong>gestarum</strong></span> <span class='ocrx_word' id='word_1_331' title='bbox 1232 3577 1339 3638; x_wconf 76' lang='lat' dir='ltr'><strong>Adurni</strong></span> 
     </span>
     <span class='ocr_line' id='line_1_39' title="bbox 237 3662 1220 3742; baseline -0.007 -13"><span class='ocrx_word' id='word_1_332' title='bbox 237 3683 302 3729; x_wconf 71' lang='lat' dir='ltr'><strong>asse</strong></span> <span class='ocrx_word' id='word_1_333' title='bbox 316 3665 380 3724; x_wconf 81' lang='lat' dir='ltr'><strong>vise</strong></span> <span class='ocrx_word' id='word_1_334' title='bbox 392 3673 456 3740; x_wconf 86' lang='lat' dir='ltr'><strong>est,</strong></span> <span class='ocrx_word' id='word_1_335' title='bbox 477 3663 559 3724; x_wconf 88' lang='lat' dir='ltr'><strong>utin</strong></span> <span class='ocrx_word' id='word_1_336' title='bbox 573 3663 637 3722; x_wconf 81' lang='lat' dir='ltr'><strong>vita</strong></span> <span class='ocrx_word' id='word_1_337' title='bbox 650 3662 757 3722; x_wconf 71' lang='lat' dir='ltr'><strong>ademi</strong></span> <span class='ocrx_word' id='word_1_338' title='bbox 772 3663 933 3724; x_wconf 82' lang='lat' dir='ltr'><strong>desiderari</strong></span> <span class='ocrx_word' id='word_1_339' title='bbox 949 3681 1012 3722; x_wconf 90' lang='lat' dir='ltr'><strong>non</strong></span> <span class='ocrx_word' id='word_1_340' title='bbox 1025 3670 1134 3742; x_wconf 81' lang='lat' dir='ltr'><strong>posset</strong></span> <span class='ocrx_word' id='word_1_341' title='bbox 1217 3682 1220 3688; x_wconf 90' lang='lat'>·</span> 
     </span>
    </p>

    <p class='ocr_par' dir='ltr' id='par_1_7' title="bbox 238 3740 1339 3916">
     <span class='ocr_line' id='line_1_40' title="bbox 319 3740 1339 3837; baseline -0.003 -27"><span class='ocrx_word' id='word_1_342' title='bbox 319 3749 387 3828; x_wconf 84' lang='lat' dir='ltr'><strong>Peg.</strong></span> <span class='ocrx_word' id='word_1_343' title='bbox 404 3749 435 3816; x_wconf 81' lang='grc' dir='ltr'><strong>ὅ.</strong></span> <span class='ocrx_word' id='word_1_344' title='bbox 455 3749 490 3810; x_wconf 85' lang='grc' dir='ltr'><strong>Β.</strong></span> <span class='ocrx_word' id='word_1_345' title='bbox 516 3753 563 3837; x_wconf 70' lang='lat' dir='ltr'><strong>rp</strong></span> <span class='ocrx_word' id='word_1_346' title='bbox 575 3741 678 3833; x_wconf 67' lang='grc' dir='ltr'><strong><em>πρώτῃ</em></strong></span> <span class='ocrx_word' id='word_1_347' title='bbox 692 3745 855 3833; x_wconf 55' lang='lat' dir='ltr'><strong>inlusoria</strong></span> <span class='ocrx_word' id='word_1_348' title='bbox 871 3745 1054 3828; x_wconf 72' lang='grc' dir='ltr'><strong>δευτέρας</strong></span> <span class='ocrx_word' id='word_1_349' title='bbox 1075 3740 1251 3828; x_wconf 68' lang='grc' dir='ltr'><strong>ἑβδομάδας.</strong></span> <span class='ocrx_word' id='word_1_350' title='bbox 1288 3747 1339 3808; x_wconf 79' lang='lat' dir='ltr'><strong>Si-</strong></span> 
     </span>
     <span class='ocr_line' id='line_1_41' title="bbox 238 3831 1048 3916; baseline -0.002 -20"><span class='ocrx_word' id='word_1_351' title='bbox 238 3853 332 3916; x_wconf 86' lang='lat' dir='ltr'><strong>gnum</strong></span> <span class='ocrx_word' id='word_1_352' title='bbox 345 3835 464 3897; x_wconf 82' lang='lat' dir='ltr'><strong>numeri</strong></span> <span class='ocrx_word' id='word_1_353' title='bbox 477 3833 603 3896; x_wconf 86' lang='lat' dir='ltr'><strong>secundi</strong></span> <span class='ocrx_word' id='word_1_354' title='bbox 615 3835 639 3895; x_wconf 83' lang='lat' dir='ltr'>B</span> <span class='ocrx_word' id='word_1_355' title='bbox 654 3835 796 3894; x_wconf 79' lang='lat' dir='ltr'><strong>omhsnm</strong></span> <span class='ocrx_word' id='word_1_356' title='bbox 810 3841 874 3894; x_wconf 90' lang='lat' dir='ltr'><strong>erat</strong></span> <span class='ocrx_word' id='word_1_357' title='bbox 887 3833 922 3896; x_wconf 87' lang='lat' dir='ltr'><strong>in</strong></span> <span class='ocrx_word' id='word_1_358' title='bbox 937 3831 1048 3894; x_wconf 80' lang='lat' dir='ltr'><strong>codice.</strong></span> 
     </span>
    </p>
   </div>
   <div class='ocr_carea' id='block_1_4' title="bbox 271 4011 1341 4421">
    <p class='ocr_par' dir='ltr' id='par_1_8' title="bbox 271 4011 1341 4421">
     <span class='ocr_line' id='line_1_42' title="bbox 271 4011 1338 4089; baseline -0.003 -17"><span class='ocrx_word' id='word_1_359' title='bbox 271 4019 303 4089; x_wconf 84' lang='grc'><strong>5)</strong></span> <span class='ocrx_word' id='word_1_360' title='bbox 320 4017 477 4073; x_wconf 80' lang='lat' dir='ltr'><strong>Manendum</strong></span> <span class='ocrx_word' id='word_1_361' title='bbox 490 4022 550 4083; x_wconf 89' lang='lat' dir='ltr'><strong>est,</strong></span> <span class='ocrx_word' id='word_1_362' title='bbox 565 4018 691 4072; x_wconf 87' lang='lat' dir='ltr'><strong>nolsotor</strong></span> <span class='ocrx_word' id='word_1_363' title='bbox 706 4017 740 4072; x_wconf 89' lang='lat' dir='ltr'><strong>de</strong></span> <span class='ocrx_word' id='word_1_364' title='bbox 758 4015 860 4072; x_wconf 82' lang='lat' dir='ltr'><strong>nomine</strong></span> <span class='ocrx_word' id='word_1_365' title='bbox 877 4013 1054 4088; x_wconf 78' lang='lat' dir='ltr'><strong>chrysostomi</strong></span> <span class='ocrx_word' id='word_1_366' title='bbox 1070 4011 1231 4068; x_wconf 81' lang='lat' dir='ltr'><strong>versionibus</strong></span> <span class='ocrx_word' id='word_1_367' title='bbox 1250 4013 1338 4070; x_wconf 84' lang='lat' dir='ltr'><strong>lstlnh</strong></span> 
     </span>
     <span class='ocr_line' id='line_1_43' title="bbox 306 4082 1340 4176; baseline -0.008 -33"><span class='ocrx_word' id='word_1_368' title='bbox 306 4087 459 4172; x_wconf 71' lang='lat' dir='ltr'><strong>dcpipiatnr.</strong></span> <span class='ocrx_word' id='word_1_369' title='bbox 498 4087 638 4144; x_wconf 61' lang='lat' dir='ltr'><strong>blicbatlis,</strong></span> <span class='ocrx_word' id='word_1_370' title='bbox 656 4087 769 4174; x_wconf 71' lang='lat' dir='ltr'><strong>Glypas,</strong></span> <span class='ocrx_word' id='word_1_371' title='bbox 793 4087 838 4176; x_wconf 66' lang='lat' dir='ltr'><strong>spui</strong></span> <span class='ocrx_word' id='word_1_372' title='bbox 853 4085 924 4140; x_wconf 84' lang='lat' dir='ltr'><strong>circa</strong></span> <span class='ocrx_word' id='word_1_373' title='bbox 943 4101 1002 4172; x_wconf 72' lang='lat' dir='ltr'><strong>ann.</strong></span> <span class='ocrx_word' id='word_1_374' title='bbox 1021 4086 1088 4142; x_wconf 78' lang='lat'>1150</span> <span class='ocrx_word' id='word_1_375' title='bbox 1102 4082 1213 4170; x_wconf 61' lang='lat' dir='ltr'><strong>hunsla</strong></span> <span class='ocrx_word' id='word_1_376' title='bbox 1223 4083 1340 4170; x_wconf 62' lang='lat' dir='ltr'><strong>scripsit,</strong></span> 
     </span>
     <span class='ocr_line' id='line_1_44' title="bbox 303 4153 1341 4238; baseline -0.006 -24"><span class='ocrx_word' id='word_1_377' title='bbox 303 4159 391 4214; x_wconf 79' lang='lat' dir='ltr'><strong>abins</strong></span> <span class='ocrx_word' id='word_1_378' title='bbox 407 4159 465 4212; x_wconf 85' lang='lat' dir='ltr'><strong>lore</strong></span> <span class='ocrx_word' id='word_1_379' title='bbox 476 4155 596 4210; x_wconf 85' lang='lat' dir='ltr'><strong>loannem</strong></span> <span class='ocrx_word' id='word_1_380' title='bbox 607 4153 659 4211; x_wconf 71' lang='lat' dir='ltr'><strong>odo</strong></span> <span class='ocrx_word' id='word_1_381' title='bbox 670 4159 769 4223; x_wconf 72' lang='lat' dir='ltr'><strong>besor,</strong></span> <span class='ocrx_word' id='word_1_382' title='bbox 786 4175 835 4214; x_wconf 76' lang='lat' dir='ltr'><strong>sos</strong></span> <span class='ocrx_word' id='word_1_383' title='bbox 850 4153 1075 4226; x_wconf 60' lang='lat' dir='ltr'><strong>roccamaura,</strong></span> <span class='ocrx_word' id='word_1_384' title='bbox 1091 4171 1142 4238; x_wconf 66' lang='grc' dir='ltr'><strong>τατ</strong></span> <span class='ocrx_word' id='word_1_385' title='bbox 1154 4172 1205 4222; x_wconf 71' lang='lat' dir='ltr'><strong>nnn</strong></span> <span class='ocrx_word' id='word_1_386' title='bbox 1217 4157 1341 4222; x_wconf 72' lang='lat' dir='ltr'><strong>glossas</strong></span> 
     </span>
     <span class='ocr_line' id='line_1_45' title="bbox 304 4225 1340 4420; baseline -0.01 -62"><span class='ocrx_word' id='word_1_387' title='bbox 304 4227 535 4420; x_wconf 58' lang='lat' dir='ltr'><strong>ganah</strong></span> <span class='ocrx_word' id='word_1_388' title='bbox 552 4225 811 4352; x_wconf 61' lang='lat' dir='ltr'><strong>restittat</strong></span> <span class='ocrx_word' id='word_1_389' title='bbox 824 4226 1025 4364; x_wconf 47' lang='lat' dir='ltr'><strong>dalla&amp;</strong></span> <span class='ocrx_word' id='word_1_390' title='bbox 1034 4226 1340 4364; x_wconf 57' lang='lat' dir='ltr'><strong>tutantur}</strong></span> 
     </span>
     <span class='ocr_line' id='line_1_46' title="bbox 331 4371 383 4421; baseline 0.038 -2"><span class='ocrx_word' id='word_1_391' title='bbox 331 4371 383 4421; x_wconf 71' lang='lat' dir='ltr'><strong>lm.</strong></span> 
     </span>
    </p>
   </div>
   <div class='ocr_carea' id='block_1_5' title="bbox 0 0 1484 4716">
    <p class='ocr_par' dir='ltr' id='par_1_9' title="bbox 0 0 1484 4716">
     <span class='ocr_line' id='line_1_47' title="bbox 0 0 1484 4716; baseline 0 1"><span class='ocrx_word' id='word_1_392' title='bbox 0 0 1484 4716; x_wconf 95' lang='lat' dir='ltr'><strong> </strong></span> 
     </span>
    </p>
   </div>
  </div>
 </body>
</html>
