2944 4716
286 319 365 402 622
647 323 988 407 ΕΜΕΝΒΔΤῙΟΝΕὸ
1068 333 1070 338 ’

286 501 354 555 tum
365 509 458 553 uuum
472 511 489 552 s
508 487 613 552 muudi
626 489 751 550 conditu
763 505 876 548 annum
887 488 998 550 referre
1014 489 1045 548 et
1060 483 1204 570 slltgsrs,
1226 493 1262 552 et
1275 488 1327 552 isis
1341 491 1393 551 iila

286 595 468 660 praeponere
481 575 635 656 bucusque
647 575 769 652 solitus,
790 582 918 654 utraque
933 571 970 630 sb
986 569 1117 631 invicem
1133 574 1281 657 deinceps
1300 575 1394 638 din·-

287 683 334 738 as,
357 671 387 722 et
406 669 529 720 estatem
546 660 667 742 quidem
689 658 794 718 mundi
812 657 913 738 prius,
932 666 999 716 tum
1020 656 1224 720 Romanorum
1243 661 1387 742 impera-

285 756 382 806 torum
399 747 588 826 aliorumque
601 744 703 806 eudem
717 751 811 803 aetsts
824 741 988 804 viventium
1000 749 1144 822 tempore,
1163 745 1276 806 ordina
1291 756 1386 826 certe,

284 841 315 891 at
328 831 414 891 nullo
432 849 514 890 nexu
532 831 571 891 ad
586 849 616 890 so
629 837 733 888 mutuo
749 829 852 888 iuncta
863 825 898 888 in
911 825 1100 906 sequentibus
1113 827 1262 894 describit

369 909 498 997 Κόσμον
509 909 622 1000 ,ευνη’.]
644 915 768 994 Repono
785 905 887 998 ,sorel
907 911 1001 970 iulius
1015 911 1095 971 enim
1112 911 1214 974 esen
1232 933 1303 974 non
1319 914 1386 974 nisi

285 999 414 1061 obeunte
427 1021 506 1060 anno
519 999 613 1066 6464.
635 997 794 1058 Dictaton's
806 995 940 1058 exercuit
953 1015 1078 1074 munus,
1099 999 1217 1058 mounes
1225 999 1384 1060 nimirum

286 1085 466 1166 Olympiade
482 1087 552 1152 133.
572 1105 610 1143 ex
626 1083 753 1162 Georgio
769 1101 836 1162 psg.
852 1085 925 1150 303.
940 1082 973 1142 Β.
988 1092 1058 1162 post
1070 1101 1166 1142 annos
1178 1083 1264 1162 igitur
1280 1084 1381 1163 quiu-

286 1189 343 1252 que
363 1169 520 1252 imperium
539 1169 578 1228 ad
600 1169 693 1234 6469.
717 1167 899 1248 prorogavit.
941 1167 1078 1226 Tiberius
1090 1166 1216 1248 insuper
1231 1169 1379 1230 amundo

287 1257 410 1316 condito
424 1256 515 1322 5015.
532 1253 657 1333 suscipit
670 1251 828 1333 imperium
849 1269 889 1312 ex
902 1269 969 1332 pag.
983 1254 1053 1318 319.
1067 1252 1102 1311 Β.
1115 1271 1186 1312 eum
1205 1251 1292 1332 igitur
1302 1262 1378 1313 ter-

284 1341 399 1402 minum
420 1347 456 1398 ut
476 1339 623 1418 Augustus
643 1337 769 1414 attingat
782 1344 853 1418 post
874 1335 1108 1396 administrstsm
1122 1339 1176 1404 66.
1190 1341 1271 1398 suuis
1286 1339 1375 1399 lion.

283 1423 428 1503 lismpub.
443 1441 522 1482 anno
538 1423 630 1490 6459.
642 1421 745 1482 debuit
758 1421 797 1481 ad
808 1441 915 1480 munus
929 1419 1008 1480 iilud
1023 1422 1216 1482 subeundum
1232 1423 1374 1484 accedere.

284 1509 421 1588 lienique
433 1508 459 1567 si
474 1517 568 1589 prout
582 1507 724 1568 subditur
741 1525 837 1566 sunus
854 1499 959 1565 mdndi
974 1504 1065 1573 6460.
1082 1505 1190 1567 obiens
1204 1508 1264 1567 init
1281 1509 1375 1588 Augu-

284 1593 323 1652 sti
344 1591 492 1654 secundus
515 1593 694 1674 completus,
723 1601 802 1652 certe
826 1609 903 1650 armo
922 1591 1014 1656 4559.
1035 1591 1195 1671 imperium
1210 1593 1377 1674 iniisseps-

284 1687 340 1740 tet.
382 1677 449 1738 Alis
467 1679 660 1740 correctionis
672 1677 763 1738 huius
780 1675 889 1736 certior
900 1675 1071 1735 coniectura
1083 1677 1164 1737 notis
1175 1677 1216 1737 sd
1228 1697 1295 1760 pag.
1307 1683 1377 1744 311.

284 1783 321 1823 su
359 1763 462 1824 eritur.

321 1783 358 1843 gg
374 1851 424 1936 Τῷ
438 1842 513 1935 poi.
531 1850 587 1911 cori
597 1840 734 1930 sirpus]
766 1843 914 1924 Augustus
932 1863 1011 1904 anno
1029 1841 1124 1913 4669.
1143 1845 1311 1928 imperator
1324 1847 1380 1906 ds-

284 1933 413 1994 clsrstus
428 1931 592 1994 secundnm
604 1933 724 2014 imperii
739 1951 851 1990 aunum
869 1929 976 1990 mundi
990 1930 1083 1997 4660.
1106 1941 1247 1993 numerat
1264 1951 1301 1992 ex
1319 1951 1377 1992 su-

281 2019 400 2100 periore
416 2027 498 2079 nota.

364 2099 415 2165 Ἐν
427 2095 453 2188 qi
465 2101 518 2164 sub
531 2097 705 2182 ἡἸνδικτος
718 2097 909 2180 idrontum]
930 2097 1154 2178 Promulgatum
1169 2099 1210 2160 ab
1225 2099 1307 2161 orbis
1321 2121 1380 2160 na-

281 2187 336 2246 tsli
355 2205 433 2246 snno
455 2186 548 2250 6460.
579 2183 708 2262 Augusti
733 2185 865 2245 secundo
887 2184 1066 2244 indictionis
1089 2185 1244 2246 decretum
1271 2187 1378 2245 mant

280 2291 351 2329 cum
373 2268 503 2330 idsximo
521 2269 681 2346 Georgius:
703 2269 747 2329 Ab
764 2269 837 2350 ipsis
858 2269 938 2330 orbis
955 2269 1147 2328 incunsbulis
1161 2271 1374 2329 numerandam

278 2353 387 2412 volunt
401 2352 523 2430 Graeci,
546 2354 626 2432 quod
641 2375 741 2416 esrum
758 2353 898 2435 periodus
915 2373 981 2414 cum
1003 2354 1065 2412 eius
1086 2373 1206 2414 numero
1230 2373 1291 2413 nou
1311 2355 1370 2413 in-

279 2457 409 2517 congrue
432 2441 619 2500 consentiat.
649 2441 808 2522 Excipitur
821 2459 917 2498 sunus
934 2459 1012 2498 unus
1028 2439 1122 2506 6460.
1140 2439 1296 2516 nimirum,
1315 2439 1371 2520 qui

278 2541 345 2583 cum
361 2523 578 2604 multiplicatae
588 2524 789 2586 indictionum
811 2523 926 2606 periodi
942 2525 1021 2584 foret
1038 2525 1162 2604 quintus
1186 2525 1318 2585 decimus
1332 2541 1374 2584 ex

277 2609 406 2688 Augusti
427 2609 538 2685 iussu,
553 2611 638 2670 siunt
655 2611 720 2688 illi,
750 2609 925 2670 indictionis
944 2612 977 2668 in
998 2617 1152 2688 posterum
1171 2611 1374 2670 numerandae

276 2695 394 2778 primus
406 2693 524 2754 hobitus
537 2703 590 2755 est.
618 2697 723 2757 Paucis
737 2695 771 2755 id
784 2695 871 2755 docet
885 2694 1021 2755 Petreius
1036 2694 1073 2754 de
1086 2695 1173 2756 Doct
1186 2695 1290 2776 Temp.
1303 2695 1372 2757 libr.

279 2785 331 2848 11.
358 2801 423 2860 cop.
441 2783 494 2848 39.
517 2789 547 2840 et
568 2799 647 2860 seqq.
667 2790 697 2841 at
714 2780 833 2843 Auctor.
852 2779 920 2840 libr.
942 2782 973 2845 8.
995 2799 1060 2859 cap.
1083 2779 1114 2846 6.
1134 2780 1295 2856 Maximus,
1316 2782 1370 2839 in-

278 2865 361 2946 quit,
383 2865 548 2924 illonacirus
563 2865 596 2924 lu
612 2867 757 2946 Computo
772 2864 969 2924 indictionem
990 2865 1034 2923 sit
1053 2865 1185 2946 coepisse
1206 2885 1282 2922 anuo
1304 2865 1371 2924 Au-

276 2949 358 3027 gusti
373 2950 522 3026 secundo‚
545 2971 632 3029 quem
650 2951 756 3010 mundi
769 2959 857 3031 putst
869 2951 961 3018 6460.
980 2948 1032 3028 qui
1049 2949 1163 3010 divisus
1175 2969 1228 3030 per
1237 2949 1374 3030 quinde-

278 3035 336 3091 cim
361 3033 414 3093 dat
432 3033 630 3096 indictionem
652 3037 701 3103 16.
724 3045 755 3094 st
773 3037 921 3114 Augustus
942 3035 1068 3114 priorsus
1091 3035 1176 3094 illsm
1195 3055 1258 3094 esse
1286 3037 1374 3096 iussit

277 3125 307 3177 ct
321 3117 409 3181 inire.
451 3119 615 3198 Augustum
634 3121 781 3180 Msximus
800 3129 887 3201 putet
908 3141 963 3200 pro
985 3117 1154 3180 lndictione
1176 3124 1227 3187 15.
1246 3122 1371 3201 primam

183 3212 215 3268 V.
230 3213 265 3268 67
281 3222 467 3282 numerasse,
497 3213 553 3266 etc.
587 3207 750 3266 Maximum
770 3206 906 3286 sequitur
932 3205 1075 3284 Georgius
1102 3205 1285 3282 Monachus,
1313 3218 1366 3266 eto.

277 3287 357 3348 lineo
373 3292 402 3348 S.
419 3289 442 3349 i.
459 3289 628 3370 Dionysius.
657 3291 795 3352 Petsvius
814 3292 888 3350 slter
904 3289 1013 3349 Psulus
1034 3295 1156 3351 nomine
1175 3293 1313 3351 Tractstu
1329 3291 1366 3349 de

277 3371 433 3432 Annorum
455 3375 671 3436 iucarnationis
693 3375 821 3458 epocha,
854 3385 884 3435 et
905 3375 1139 3436 lndictionibus:
1168 3377 1237 3436 Nou
1257 3377 1364 3450 tacebo,

275 3456 393 3533 scribit,
415 3477 452 3516 ex
466 3459 559 3520 illone
575 3481 681 3522 census
694 3471 723 3522 et
737 3461 857 3540 Augusti
869 3460 1081 3542 descriptiones
1094 3471 1269 3522 recensente
1281 3462 1366 3542 plura

275 3541 364 3603 incile
377 3541 546 3622 induxisse,
568 3555 601 3605 ut
617 3567 685 3606 cum
700 3545 891 3628 Computistis
906 3547 1053 3605 crederem
1073 3545 1229 3606 institutas
1244 3549 1296 3607 sub
1306 3547 1364 3606 Au-

273 3637 362 3707 gusto
376 3627 563 3688 indictiones.
607 3631 691 3706 Quae
703 3631 823 3712 quidem
837 3632 892 3693 sub
909 3631 1123 3709 Constantino,
1143 3641 1181 3690 ut
1195 3633 1288 3711 vulgo
1301 3651 1365 3691 cre·-

273 3713 373 3790 ditur,
394 3713 443 3774 vel
456 3713 641 3794 Theodosio,
656 3725 692 3775 ut
704 3717 775 3776 vult
790 3717 958 3794 Cedrenua,
981 3717 1075 3776 luctae
1091 3717 1211 3776 demum
1224 3735 1367 3779 annorum

271 3797 387 3859 indices
395 3844 404 3878 ,
426 3800 613 3880 Olympiadis
633 3801 765 3863 reiectis:
794 3821 856 3862 non
878 3802 965 3860 etiam
988 3801 1116 3881 primunr
1139 3801 1292 3863 inventae.
1333 3801 1368 3861 ld

271 3903 396 3960 unum,
418 3905 475 3946 neo
497 3887 601 3948 sebrila
618 3908 680 3948 ease
703 3887 874 3964 convincit,
902 3885 984 3967 quod
1004 3887 1137 3946 lulianus
1148 3895 1178 3945 et
1191 3887 1313 3948 Paullus
1330 3887 1367 3946 da

270 3967 377 4030 blundo
390 3969 552 4032 lndictioni
568 3973 695 4053 obligato
709 3973 931 4053 responderunt
945 3971 978 4030 in
989 3971 1010 4032 l.
1021 3977 1049 4038 1.
1062 3973 1092 4037 8.
1106 3967 1135 4050 ἓ.
1151 3975 1183 4036 6.
1200 3972 1239 4032 de
1251 3973 1368 4032 Action.

271 4063 362 4134 empt.
376 4063 407 4114 et
421 4059 473 4122 28.
494 4058 531 4116 ds
546 4079 604 4119 usn
620 4069 650 4118 et
663 4059 755 4118 usuir.
778 4057 895 4135 Ambigi
911 4065 1061 4139 praetores
1077 4055 1165 4116 rideo
1183 4057 1368 4117 tributumns

271 4139 394 4216 cupitis,
420 4149 472 4200 sut
484 4143 657 4222 patrimonii
672 4143 772 4203 suerit.
816 4147 914 4222 Super
927 4161 986 4220 quo
1005 4141 1103 4201 visum
1116 4139 1206 4200 milri:
1229 4143 1268 4202 sb
1279 4143 1369 4202 initio

271 4219 402 4282 mixtum
423 4224 471 4284 ius
495 4235 653 4306 utrumque
676 4227 784 4288 luisse:
811 4249 878 4286 curu
899 4247 962 4286 non
974 4226 1085 4308 possim
1103 4245 1224 4302 omues,
1247 4228 1301 4288 sed
1314 4226 1366 4306 qui

273 4301 313 4360 ‘d
328 4314 440 4374 witus
458 4313 654 4388 quantitatem
671 4332 811 4404 agrorum
828 4313 1029 4395 possiderent,
1052 4319 1244 4374 cemerentur
1266 4313 1363 4384 modo,
