2860 4714
415 345 478 416 ET
498 343 859 422 ANNOTATIONES.
1117 347 1192 422 869
1297 336 1301 346 ’

86 516 252 568 ίτοοοοῑωο
269 503 350 588 solos
372 523 413 567 ex
430 502 553 584 Georgii
572 513 716 586 computo
732 503 773 566 ad
792 506 900 568 mnndi
915 511 1011 576 2677.
1026 509 1192 591 alligandos

86 593 204 658 statuit:
226 593 365 672 adeoque
377 591 442 652 sive
460 595 556 658 2677.
569 589 632 650 sive
645 595 739 660 2782.
752 592 814 654 vita
826 593 1001 674 decesserit,
1022 597 1110 676 longe
1121 600 1189 675 fuit,
1247 649 1250 658 .

85 678 132 757 gui
144 679 259 738 menidi
272 678 367 744 2775.
382 676 417 736 in
429 675 533 738 orbem
545 676 722 736 universum
734 687 911 758 potestatem
927 693 1090 742 exerceret.
1133 684 1190 743 lle-

83 784 145 822 mus
172 773 281 824 tamen
307 761 469 840 Georgium
498 761 716 840 repugnantiae
740 763 774 822 in
802 773 895 824 semet
924 773 991 824 tum
1021 765 1092 846 bio,
1122 777 1190 828 tum

82 867 143 928 pag.
162 849 239 916 115.
254 867 358 924 reum;
378 847 503 906 Latinae
519 865 641 926 quoque
655 865 731 909 axx.
748 848 895 909 versionis
907 848 1072 914 Autborem
1088 861 1118 914 et
1134 875 1190 934 po-

83 945 227 992 stremum
242 933 388 994 editorem
402 931 577 992 oscitantiae
589 951 782 1010 moneamus,
800 935 891 996 modo
904 933 1083 1014 Arpbsxed,
1106 938 1190 1018 quod

82 1017 187 1078 asserit
204 1017 374 1096 Georgius,
394 1017 502 1078 mundi
517 1017 615 1084 2775.
633 1017 783 1096 attigisse,
805 1027 836 1079 et
850 1020 888 1080 ad
909 1037 977 1078 eum
995 1023 1077 1083 orbis
1096 1024 1195 1104 ἱιορο.Ι

80 1103 158 1164 rium
183 1103 358 1184 deposuisse
376 1102 548 1182 probemus.
590 1101 682 1162 Nullo
704 1102 826 1181 negotio
850 1105 884 1164 id
903 1103 1023 1180 firmat,
1052 1102 1285 1188 (obsera-914

80 1197 170 1268 pente
194 1187 270 1248 lieet
289 1187 427 1248 versione
450 1187 557 1248 Latina
580 1187 758 1270 trecentum)
785 1169 893 1251 Graeci
916 1197 1017 1249 textus
1045 1191 1187 1254 editionis

80 1274 173 1336 Paris.
191 1277 285 1342 1627.
300 1273 412 1334 veritas
426 1293 521 1334 annos
535 1271 699 1352 Arphaxed
713 1283 836 1334 cunetas
848 1274 920 1342 535.
936 1274 1090 1354 colligens,
1113 1299 1188 1358 quae

79 1357 136 1418 lesu
150 1378 243 1418 causa
257 1357 335 1418 vitas
348 1359 433 1420 illius
444 1359 607 1418 terminum
622 1357 779 1440 (consputa
793 1359 937 1420 Autboris
951 1357 1036 1444 utor)
1051 1363 1084 1422 in
1096 1381 1189 1424 mun·-

79 1444 109 1504 di
133 1449 234 1510 2777.
256 1447 383 1524 seponat
404 1463 526 1504 necesse
548 1452 623 1503 est:-
636 1443 717 1502 idem
744 1445 865 1524 asserit,
893 1445 1014 1506 Eusebii
1037 1448 1135 1508 codex
1158 1458 1189 1510 et

77 1549 189 1588 manus
208 1549 275 1608 pag.
292 1533 343 1596 86.
361 1530 397 1592 D.
419 1529 472 1610 qui
487 1527 652 1608 Arpbaxad
666 1527 747 1590 vitae
769 1531 845 1590 alios
864 1540 927 1590 tres
942 1532 1037 1592 annos
1051 1534 1188 1616 superin-

76 1614 173 1692 gerit,
195 1615 319 1694 eiusque
339 1615 471 1674 natalem
490 1615 569 1674 diem
588 1613 683 1680 2244.
707 1623 743 1674 ut
766 1635 820 1674 suo
844 1615 964 1676 dicetur
983 1617 1056 1679 loco
1075 1639 1188 1681 reeen-

76 1719 164 1772 sens,
186 1719 267 1759 anno
280 1700 388 1760 mundi
402 1703 495 1768 2782.
514 1699 577 1759 vita
592 1699 730 1758 sunctum
745 1709 881 1762 testatur.

169 1788 280 1847 Τοῦτο
294 1789 417 1849 Katanis
432 1781 521 1866 arni]
553 1783 652 1846 Variis
672 1783 712 1844 sd
731 1805 853 1845 manum
874 1784 1003 1866 sumptis
1022 1786 1186 1866 codicibus,
1231 1793 1234 1802 '

75 1879 109 1930 et
134 1867 315 1930 abeuntibus
338 1871 372 1931 in
392 1869 510 1930 diversa
528 1867 786 1948 Gbronologorum
805 1869 1016 1952 opinionibus,
1036 1873 1136 1933 varios
1152 1893 1187 1933 ee

76 1955 118 2014 de
135 1974 225 2014 eausa
247 1955 329 2014 circa
352 1957 413 2017 viri
434 1955 567 2015 eiusdem
589 1958 716 2014 aetatem
737 1975 878 2016 numeros
896 1955 1016 2016 Autbor
1040 1943 1202 2036 Georgius*

76 2039 270 2101 observavits
301 2037 445 2120 quodque
463 2059 604 2120 praesens
623 2039 799 2100 institutum
819 2051 952 2123 spectat,
972 2041 1036 2102 fixo
1053 2043 1187 2122 quando.

73 2143 139 2204 que
154 2123 192 2184 ad
213 2145 328 2184 annum
345 2127 439 2192 2242.
459 2124 622 2203 Arpbsxad
641 2125 736 2184 natali
757 2127 825 2204 die,
847 2136 877 2188 et
897 2147 1116 2208 nonnunquam
1138 2149 1187 2188 eo-

75 2213 144 2268 dem
161 2209 203 2268 sd
219 2229 332 2268 annum
353 2211 447 2276 2243.
465 2209 614 2288 seposito,
636 2209 700 2268 eius
717 2221 854 2290 posteros
871 2231 950 2272 anno
967 2233 1030 2274 uno
1049 2214 1137 2274 eitius
1153 2217 1187 2274 in

75 2295 185 2353 seriem
209 2295 354 2369 advocat,
376 2303 407 2352 et
426 2291 520 2354 altero
540 2313 620 2354 anno
640 2294 757 2355 tardius
775 2317 862 2376 saepe
877 2308 1021 2360 removet.
1064 2300 1132 2374 Quo
1150 2299 1187 2360 lit

74 2389 110 2438 ut
128 2378 300 2460 Arpbaxad
322 2379 471 2453 ortu,-ad
489 2397 602 2438 annum
621 2373 705 2437 buno
726 2377 763 2436 ab
783 2381 857 2440 orbe
878 2383 1001 2442 eorrdito
1018 2385 1113 2450 2248.
1134 2383 1187 2444 bio

75 2464 240 2540 derina-tog
264 2463 368 2522 aetatis
386 2463 456 2528 135.
477 2483 538 2542 quo
556 2463 668 2520 cainan
681 2463 784 2540 gennit
795 2485 893 2525 annus
905 2467 1012 2526 mundi
1025 2472 1118 2535 2878.
1131 2491 1192 2528 oo-›

77 2559 196 2609 currat:
227 2547 342 2606 Ceinen
364 2552 437 2612 130.
459 2567 518 2626 quo
534 2549 600 2606 Sala
619 2546 716 2606 filium
730 2549 880 2630 suscepit,
901 2552 1009 2610 mundi
1025 2553 1119 2618 2408.
1136 2563 1187 2614 te-

78 2643 200 2711 neatur,
224 2653 261 2692 ao
283 2631 389 2692 mundi
403 2634 636 2710 tandemy2736.
654 2631 767 2692 Cainan
784 2633 918 2694 eiusdem
933 2639 1006 2702 858.
1027 2637 1094 2694 Sala
1112 2641 1185 2703 228.

77 2717 175 2778 lleber
203 2721 257 2784 98.
284 2726 478 2777 numeraturi
512 2727 598 2797 parte
626 2737 699 2776 vero
722 2738 762 2778 ex
784 2719 842 2778 alia
863 2719 1028 2799 Arpbaxad
1049 2721 1186 2782 eiusdem

19 2815 22 2826 '
76 2801 174 2885 (quod
189 2802 311 2862 tabulae
324 2812 445 2862 nostrae
458 2802 630 2881 observant)
647 2801 686 2860 ad
700 2803 794 2876 2242.
809 2805 896 2863 iuxta
912 2812 1085 2883 computum
1101 2806 1185 2866 Airi-

69 2890 142 2948 rani
162 2897 238 2948 ortu
260 2888 376 2966 posito,
407 2887 519 2946 Cainan
536 2888 615 2949 vitoe
631 2907 727 2948 annus
744 2890 817 2956 358·
837 2889 907 2950 Sela
920 2892 1003 2958 228.
1015 2887 1119 2950 Hebes·
1133 2895 1184 2958 98.

78 2973 110 3032 in
124 2973 236 3034 mundi
251 2974 345 3040 2785.
361 2973 517 3034 incurrere
534 2973 770 3056 nonspioientup.

158 3057 227 3122 Kal
245 3063 303 3122 τοῦ
322 3055 423 3120 ualle
439 3057 504 3132 bor
525 3054 574 3138 d'.]
604 3058 694 3118 Haud
714 3068 783 3118 ante
800 3057 911 3119 turrim
931 3057 1084 3142 inceptam
1103 3083 1184 3124 anno

1 3207 2 3214 .
75 3144 183 3204 mnndi
200 3147 295 3211 2737.
310 3143 362 3203 sed
377 3153 446 3203 ante
459 3153 559 3203 natans
572 3144 743 3224 linguarum
757 3143 931 3204 varietatem
948 3149 1059 3206 arinuin
1075 3147 1186 3208 Phalee

74 3229 104 3294 4.
126 3230 179 3289 vel
201 3228 292 3288 etiarn
309 3229 340 3295 5.
356 3228 475 3289 Autbor
492 3229 611 3290 sibimet
633 3230 785 3290 contraria
807 3231 989 3310 loquuturus
1010 3235 1181 3294 numerabit
1198 3231 1229 3286 P·
1248 3231 1282 3288 15

72 3333 139 3394 pag.
157 3319 213 3382 89.
234 3315 268 3379 l).
286 3315 435 3395 praesenti
451 3315 546 3378 errori
560 3317 755 3377 consentiunt
771 3335 846 3397 quse
861 3315 900 3375 ed
920 3337 987 3398 pag.
1003 3323 1055 3384 46.
1071 3321 1185 3400 margi-

73 3419 145 3460 nem
160 3399 351 3461 soribuntur.
425 3439 428 3448 ι

159 3485 232 3562 Peg.
252 3486 304 3552 48.
334 3487 497 3550 Μανεθοῑν
514 3481 533 3549 d
549 3488 612 3550 τοῖν
630 3483 833 3570 Αἶγοπτίων]
854 3485 1008 3550 Videndus
1031 3488 1184 3550 Cedrenue

71 3569 143 3630 looo
164 3579 236 3630 ante
254 3591 344 3630 unam
359 3571 408 3632 vel
424 3571 548 3631 alteram
561 3582 666 3631 notem
685 3573 835 3651 exposito.

160 3655 231 3730 Peg·
252 3655 305 3720 44.
334 3649 531 3738 Ἀλεξάνδρου,
556 3659 615 3719 τοῦ
638 3655 871 3740 Πολοΐστορος]
900 3656 986 3732 Quae
1009 3655 1181 3718 Alexandro
1225 3737 1228 3746 ἱ
1279 3661 1282 3682 ”

73 3740 163 3800 velut
177 3737 310 3800 Autbori
328 3741 473 3818 Georgius
490 3741 629 3820 ascribit,
657 3743 801 3802 Eusebius
819 3743 859 3802 de
876 3743 1046 3822 Praeparat.
1068 3741 1179 3820 Evang.

72 3823 126 3886 lib.
142 3829 173 3890 9.
193 3845 260 3906 cap.
273 3827 322 3892 15.
338 3828 433 3886 refert
449 3825 482 3886 in
496 3825 671 3907 losepbum:
693 3825 745 3886 bio
758 3827 808 3887 lib.
825 3831 853 3893 1.
870 3827 1018 3906 Antiquit.
1035 3847 1101 3906 οορ.
1114 3827 1146 3892 5.
1163 3847 1182 3886 a

76 3911 193 3990 Sibylla
207 3909 306 3991 primo
319 3911 467 3991 prodiisse
480 3919 624 3972 testetur:
646 3912 793 3992 losapbus
804 3911 905 3990 itaque
917 3921 948 3972 et
959 3910 1130 3970 Alexander
1142 3929 1182 3971 ex

75 3997 180 4056 eodem
188 3995 322 4075 Sibyllae
334 3997 418 4056 sonte
429 3995 605 4074 hauserunt,
613 4017 685 4076 quae
697 3997 838 4076 deinceps
844 3995 987 4058 Eusebius
999 3995 1181 4076 exlosepbo,

75 4090 105 4139 et
121 4082 271 4160 Georgius
294 4101 333 4142 ex
351 4082 523 4144 Alexandro
538 4084 726 4146 refuderunt.
770 4081 888 4146 Videsie
903 4080 1026 4142 Eusebii
1045 4099 1113 4161 cap.
1130 4085 1180 4148 17.

76 4177 245 4228 memorato
263 4166 352 4228 libro.

160 4249 254 4316 Μετὰ
272 4249 306 4314 dl
318 4249 371 4316 τὰν
390 4247 625 4335 κατακλυσμόν]
649 4252 794 4314 Memorat
807 4248 882 4310 leaeo
901 4268 940 4310 ex
956 4247 1101 4328 Abydeno
1117 4251 1183 4311 Eu·

75 4335 177 4398 sebius
200 4337 238 4399 de
253 4337 394 4418 Prosper.
409 4339 522 4420 Evang.
541 4339 595 4401 lib.
614 4345 645 4408 9.
666 4357 734 4421 cap.
753 4337 803 4406 14.
822 4353 900 4418 quae
919 4334 1040 4398 Author
1057 4335 1095 4398 ab
1112 4337 1181 4398 Ale·
1257 4389 1260 4394 .
1301 4399 1305 4410 .

149 4437 250 4506 Gearg.
266 4437 407 4506 Sursum.
425 4439 461 4493 ll.
931 4420 975 4490 24
