2860 4714
411 353 471 422 ΕΤ
491 349 847 422 AMOTATIONES.
867 363 869 370 ’
1099 339 1172 412 891

83 516 161 576 dtus
173 469 351 591 Apnolmne
368 514 419 576 66.
437 512 546 590 mnis,
568 521 597 570 ee
611 509 764 570 mensibus
777 515 807 576 7.
831 503 952 568 Deinde
967 503 1110 586 Apopliis
1122 509 1174 572 61.

85 613 113 659 et
124 597 232 658 leniae
247 600 298 663 60.
315 608 343 656 et
357 617 418 655 uno
432 617 539 655 mense.
560 599 637 656 Post
652 618 751 655 ornnes
761 605 862 654 antem
874 593 967 654 Aesis
982 595 1035 657 49.
1053 601 1080 649 et
1092 611 1177 650 mns-

78 685 164 744 sibus
182 681 313 742 dnobue.
340 683 433 760 Reges
448 700 574 740 numero
594 701 699 762 peres,
719 681 824 741 iisdem
840 679 901 738 lero
917 675 971 738 sub
993 675 1175 750 nominibus,

79 781 110 832 et
122 771 176 828 rix
192 769 324 847 imperes
337 775 434 826 aetate
454 767 588 826 referunt
602 767 759 826 Africanus
780 785 817 824 ex
831 761 1025 839 Manethone‚
1050 769 1086 842 οἱ,
1095 759 1176 840 apud

82 853 242 935 losephum
267 855 333 932 ipss
365 849 542 912 Menetbont:
578 851 720 932 quocirca
750 849 787 908 de
815 848 919 908 iisdem
943 855 1102 924 utrumque
1125 845 1176 904 lo·

82 942 132 1022 qui
154 937 243 998 nulls
268 946 405 1018 superest
421 936 575 995 dubitandi
602 957 698 996 causa.
717 961 722 972 ·
740 933 820 994 Aesis
841 933 965 1012 insuper
982 931 1101 990 nomine
1124 927 1177 988 nl-

79 1029 172 1086 timus
196 1023 335 1082 clarescit
355 1021 436 1102 apud
452 1021 674 1096 Manethonem,
705 1039 792 1098 quens
808 1027 897 1078 vocet
916 1015 1032 1075 Author
1044 1007 1177 1094 uredo:

81 1110 168 1171 cuins
183 1117 284 1167 tamen
298 1127 417 1166 ceusnm
433 1127 494 1166 uno
513 1128 574 1166 non
588 1113 745 1187 promovet
768 1123 831 1162 asse
852 1100 934 1162 Aesis
954 1099 1007 1158 ille
1015 1141 1025 1173 ,
1049 1118 1117 1157 cum
1138 1095 1178 1158 ed

81 1194 244 1276 Oynaatiae
257 1193 406 1252 sestarium
420 1211 522 1270 regum
535 1211 691 1252 numerum
705 1189 742 1249 sb
754 1189 895 1250 Africano
909 1185 1088 1266 productum
1102 1181 1181 1242 nihil

78 1281 191 1356 addat,
209 1298 296 1338 nece
312 1277 487 1338 Manethous
509 1277 624 1356 primus
639 1275 790 1356 sequentis
806 1271 982 1352 Oynestiss‚
1005 1265 1086 1348 quod
1107 1283 1179 1325 con-

80 1365 179 1427 tendit
196 1362 332 1438 Author,
347 1371 580 1442 percenseatur:
602 1361 678 1440 nisi,
700 1359 782 1440 quod
795 1357 925 1437 suggerit
939 1353 1096 1432 Georgius.
1108 1369 1179 1411 suos
1303 1431 1305 1436 ,

81 1451 203 1512 codices
216 1449 303 1508 aliter
319 1441 459 1506 exhibere
473 1446 611 1506 offirmat.

168 1531 346 1617 Σόγχρονον
358 1531 495 1606 Μωσέως
510 1534 605 1607 δεῖξαι
614 1528 756 1610 Κέκροπα
769 1521 979 1606 turigini-eon]
999 1521 1083 1595 Quae
1094 1537 1181 1600 prae·

81 1621 175 1701 cipua
196 1620 257 1678 init
278 1620 311 1678 in
331 1617 502 1677 chronicon
523 1617 595 1676 libri
618 1612 792 1697 posterioris
813 1611 918 1670 limine
940 1605 1061 1668 Eusebii
1088 1623 1181 1680 mens,

83 1717 119 1766 ot
139 1707 203 1766 eius
226 1703 317 1764 verbs
333 1711 447 1764 sonunt.
490 1702 684 1783 Quapropter
697 1699 824 1777 ingenue
839 1693 978 1774 Scaliger.
1007 1693 1094 1752 Haeo
1108 1691 1181 1771 qui·

82 1791 154 1850 dem
167 1811 233 1850 vere
246 1789 351 1848 obiecit
368 1790 528 1867 Georgine.

171 1876 240 1952 Peg·
261 1875 313 1940 64.
336 1875 379 1936 Ei
400 1869 433 1935 δὲ
453 1867 603 1954 ἀναφέροι
621 1867 687 1948 cic]
718 1865 847 1944 Scaliger
868 1883 907 1924 ex
924 1860 1065 1922 Africano
1090 1859 1183 1919 refert

82 1961 162 2022 baec
177 1959 246 2018 Not.
260 1979 326 2038 pig.
343 1964 394 2024 20.
406 1977 469 2016 non
482 1957 519 2016 ab
535 1959 657 2038 Ogygo,
678 1951 731 2013 sed
744 1973 763 2012 a
776 1951 840 2012 lilio
854 1947 991 2010 Eleusine
999 1993 1009 2024 ,
1031 1943 1183 2004 conditam

84 2045 257 2108 Eleusinem
273 2043 539 2106 demonstraturus.

175 2133 341 2210 Μοῖροτοῦ
351 2129 560 2210 Alyonrecirod
571 2125 721 2206 cosmed]
735 2122 862 2202 llepono
875 2115 1069 2179 emendatius.
1093 2115 1184 2194 μοῖρα

83 2218 144 2280 τοῦ
155 2215 368 2296 Αἰγοπτιοκοῦ
383 2217 511 2296 προτοῦ
528 2211 664 2286 ἐξέπεσεν
682 2201 840 2291 Αἰγύπτου
852 2222 860 2239 ·
883 2201 968 2267 ἄλλοι
982 2198 1015 2264 bl
1029 2199 1062 2264 lv
1075 2201 1115 2285 τῇ
1127 2203 1183 2260 ete.

86 2301 155 2377 rel,
177 2303 269 2382 μοῖρα
284 2304 341 2360 τοῦ
359 2299 569 2380 Αἰγοπτιοκοῦ
583 2297 711 2376 στρατοῦ
728 2292 840 2375 ἔφυγεν
859 2289 889 2366 ἒξ
907 2281 1080 2372 Αἰγύπτου·
1103 2281 1134 2346 ol
1151 2277 1185 2344 ir

84 2391 123 2472 τῇ
138 2385 401 2469 Holssorbepetc.
1143 2420 1147 2427 .

171 2471 242 2547 Peg·
263 2473 316 2536 65.
341 2461 464 2530 Oixode
479 2468 541 2528 τοῖν
554 2487 583 2550 ,ο
597 2457 695 2525 solii.
713 2459 810 2538 tren]
831 2455 961 2518 Africani
981 2463 1025 2514 cst
1044 2466 1183 2532 pressent

88 2563 265 2636 computus,
287 2561 321 2612 ut
344 2562 408 2611 tum
424 2551 657 2630 sequentiarum
673 2543 832 2626 praemisse
846 2560 912 2620 psg.
928 2541 980 2604 66.
995 2539 1025 2598 C.
1040 2537 1184 2596 indicent.

94 2639 208 2702 bntbor
224 2639 262 2697 ub
278 2637 441 2697 lereelitice
457 2635 644 2716 profectione
664 2649 741 2688 anno
761 2631 856 2693 3816.
880 2624 1052 2698 consignata
1067 2619 1105 2678 ed
1118 2617 1185 2698 pri-

90 2747 168 2786 mam
177 2723 386 2804 Olympiadem
400 2722 438 2780 nd
452 2739 563 2779 annum
576 2719 668 2782 4726.
681 2713 772 2774 fixam
787 2711 868 2770 solos
883 2713 954 2775 910.
970 2725 1062 2762 annos
1078 2719 1186 2760 nume·

91 2821 145 2874 rat.
170 2812 297 2870 Centum
313 2808 404 2886 igitur
416 2817 446 2866 et
459 2806 561 2865 decem
570 2819 714 2862 annorum
728 2796 814 2858 unius
827 2794 864 2853 sd
878 2794 1004 2852 alterurn
1020 2796 1064 2846 est
1076 2785 1187 2846 discri-

92 2917 176 2958 men:
204 2904 330 2971 uterque
342 2893 415 2952 licet
430 2891 467 2950 ab
486 2889 588 2949 eodem
603 2885 707 2946 mundi
723 2901 801 2941 suno
813 2885 965 2940 recenseat
987 2869 1195 2953 Olympiades..

95 2985 132 3043 lt
142 3000 221 3060 quos
238 2987 308 3036 nnts
324 2976 473 3036 Abrsbsm
489 2985 519 3034 et
532 2975 656 3052 Moysen
670 2969 781 3029 Csinsn
794 2963 909 3026 iuniori
929 2959 1072 3038 Georgius
1085 2963 1189 3016 notter

6 3081 7 3086 ’
96 3077 216 3127 centum
233 3072 264 3122 ct
278 3063 401 3140 triginti
416 3062 534 3136 tribuit,
554 3058 611 3118 hoe
625 3053 744 3115 nonnisi
760 3061 842 3112 retro
857 3049 980 3127 Moysen
997 3051 1190 3124 putetsnnos

92 3153 264 3214 Africanus.
305 3148 386 3208 Hinc
407 3155 526 3206 centurn
543 3155 572 3203 et
585 3142 687 3202 decem
709 3136 794 3198 annis
811 3153 899 3215 quam
924 3130 1006 3212 apud
1027 3127 1190 3189 luthorena

92 3238 172 3316 legas
195 3235 327 3315 priorem
342 3230 447 3291 statuit
465 3229 582 3291 Israelis
601 3226 730 3300 exitum,
752 3243 770 3282 ι
789 3239 850 3300 quo
867 3215 995 3302 proinde
1009 3215 1047 3274 ad
1063 3212 1191 3296 primurn

93 3319 305 3403 Olympiadem
319 3317 400 3376 mille
417 3325 447 3376 et
459 3314 567 3396 uiginti
584 3311 781 3389 requiruntur
797 3305 876 3364 suni.
906 3301 990 3362 Alios
1002 3297 1112 3378 viginti
1127 3295 1191 3354 Csi-

93 3428 156 3468 nen
183 3425 279 3465 snnos
305 3423 363 3482 qua
392 3402 533 3462 methodo
557 3403 729 3476 compenset
753 3391 911 3451 Africanus
938 3384 1044 3447 scribit
1072 3379 1191 3450 Autbor

94 3513 160 3574 psg.
179 3495 233 3557 79.
255 3490 292 3549 n.
314 3497 347 3547 nt
370 3485 446 3546 haec
470 3484 580 3567 legenti
606 3478 810 3541 manifestiora
832 3473 907 3536 liant
931 3470 1053 3532 omnino
1078 3483 1190 3530 conau-

94 3579 216 3640 lendus.

180 3663 250 3738 Peg.
267 3663 319 3726 66.
338 3651 439 3732 ''Ocree
454 3649 526 3718 noel
541 3643 585 3714 dv
599 3643 698 3734 sivein]
715 3645 804 3730 impii
815 3640 975 3726 Porphyrii
993 3657 1100 3700 nomen
1116 3653 1193 3716 pro·

98 3749 144 3810 dit
154 3745 263 3808 Latina
277 3743 374 3804 versio
392 3738 577 3819 Hieronymi.
1286 3771 1289 3783 ,

179 3825 316 3914 Ἀβοοᾶμ
336 3829 489 3890 Χολοοῖον
511 3821 567 3904 μὲν
591 3817 643 3886 rie
663 3813 774 3903 gison]
811 3813 942 3890 Scaliger
962 3805 1032 3906 Not.
1053 3819 1120 3882 pag.
1142 3802 1195 3866 12.

100 3919 148 3979 De
166 3912 359 3978 Patriarclsa
378 3910 575 3984 Abrabam,
596 3907 629 3968 in
651 3907 712 3981 uit,
734 3900 835 3962 multa
856 3895 959 3955 omisit
980 3891 1194 3965 Hieronymus,

102 4023 178 4082 quae
198 4005 233 4061 in
248 4002 375 4060 Graecis
388 3999 549 4078 leguntur:
570 3988 625 4056 ede
645 3984 778 4072 Αβροᾶμ
793 3983 946 4046 Χολδαῑον
961 3973 1015 4056 μὲν
1034 3969 1086 4036 τὸν
1099 3967 1194 4052 γένος,

102 4085 199 4162 ἄλλως
215 4083 249 4149 δὲ
267 4081 364 4166 ἄνδρα
380 4083 514 4162 θεοφιλῆ
519 4124 528 4156 ,
549 4077 602 4141 καὶ
615 4079 735 4158 πρῶτον
750 4066 801 4132 τὸν
816 4057 890 4146 παρ’
906 4059 1057 4143 Ἑβραίοις
1071 4075 1195 4150 noenu·

104 4178 160 4238 ssia
173 4167 253 4238 eleos
269 4165 515 4248 πεπιστευμένον.
536 4164 614 4223 baec
625 4171 701 4220 certe
715 4147 882 4228 omittenda
902 4151 1071 4207 nonerunt.
1092 4141 1196 4214 Quin·-

104 4256 193 4318 immo
215 4267 279 4318 tans
303 4251 522 4314 inverecundus
543 4267 612 4326 erge
637 4251 773 4306 sanctum
792 4238 908 4298 Patrem
932 4229 1100 4291 versionem
1121 4241 1197 4284 oon-

106 4343 275 4406 einnantsm
289 4339 419 4402 insultus
435 4337 532 4398 tuerit
549 4331 699 4411 Scsligero
715 4315 1001 4406 praetermittendus.
1044 4313 1158 4389 Quem,
1178 4327 1197 4364 ο
