2888 4714
409 381 469 450 ET
490 381 842 456 annornrlonns.
1094 375 1171 466 477

80 537 219 618 nequiret
234 537 385 600 annotari:
416 560 453 600 ao
464 548 625 622 propterea
643 540 754 602 aiadarn
767 562 885 605 aureum
901 541 1060 614 moliendis
1071 561 1111 606 ex
1124 545 1172 606 in·

81 625 167 683 certia
185 625 329 685 Samuelis
342 625 446 702 annia,
467 625 609 704 quaedam
622 645 740 686 ueceaae
752 629 811 688 luit
824 629 987 692 detrahere.

159 702 251 790 Ἀρκή
269 705 304 790 γ’.
320 702 540 790 Ὀλυμπιάδος]
554 709 653 770 Primo
668 709 809 772 nimirum
821 714 954 776 loatham
968 735 1064 791 anno,
1084 733 1172 774 mnu·

76 792 107 854 di
124 792 228 861 4734.
255 794 354 855 Prima
372 795 482 874 quippe
496 794 673 874 Olympiade
689 796 727 854 ad
741 795 831 856 Ouiae
853 799 905 864 45.
925 821 1035 860 annum
1052 799 1172 862 odacri-

74 887 128 957 pta
136 921 146 952 ,
168 879 302 938 aecnndu
316 879 447 940 eiusdem
459 878 550 938 Ouiae
563 879 613 946 49.
625 889 744 960 recepta
757 888 815 955 eat5
835 881 906 941 Ouia
919 902 993 944 vero
1007 893 1075 964 poet
1085 883 1170 962 regni

76 962 357 1044 quinquagesimum
374 965 540 1024 recundum
559 963 717 1039 defuncto,
738 963 827 1024 tertia
843 967 997 1046 Olympiae
1016 987 1083 1028 oum
1099 971 1169 1028 loa-

75 1046 161 1106 tham
180 1049 282 1128 primo
297 1057 400 1108 exorta
415 1057 468 1108 eet.
505 1050 658 1110 Caeterum
672 1049 831 1110 Eusebium
845 1050 883 1110 ad
895 1051 1024 1132 primum
1038 1051 1171 1112 loathanr

77 1152 195 1192 annum
212 1133 399 1212 Olympiadis
410 1133 523 1214 primae
537 1133 683 1214 epatium,
702 1133 762 1194 hoc
776 1144 821 1194 eat
835 1137 873 1196 ad
887 1145 1027 1216 quartum
1038 1135 1100 1195 eiua
1115 1157 1171 1196 an-

75 1235 150 1276 num
168 1219 395 1294 extendentem,
416 1219 507 1278 tacita
520 1218 618 1278 verbio
634 1220 700 1278 iatia
713 1220 834 1299 augillat
845 1219 979 1282 Authort
1001 1229 1031 1281 et
1040 1221 1172 1299 Scalige-

72 1321 141 1362 rum
159 1303 203 1362 ad
218 1303 348 1362 einadem
362 1302 497 1362 lentham
509 1324 618 1364 annum
633 1305 763 1384 primum
777 1300 880 1389 πρώτη
890 1301 1073 1388 Ὀλυμπισὶς,
1093 1325 1172 1368 aen-
1263 1375 1267 1389 ‚

73 1385 198 1448 beatem
213 1408 279 1468 pag.
292 1390 343 1452 37.
364 1388 443 1486 atplo
459 1389 578 1468 lapaum
592 1389 784 1452 demomtrat.

151 1474 233 1550 ,Pag.
254 1476 327 1538 201.
347 1475 473 1554 Κοσμου
491 1470 524 1536 di
535 1467 658 1556 ,δψος’.]
674 1474 793 1534 Eaeciaa
805 1495 823 1533 a
834 1483 933 1536 creato
943 1483 1089 1536 terrarum
1099 1475 1170 1536 urhe

74 1575 154 1616 anno
170 1559 264 1622 4766.
284 1575 409 1634 regnum
427 1557 519 1618 adiita
539 1557 624 1636 regni
639 1569 744 1638 quarto
758 1579 850 1639 cupra
864 1559 1013 1620 decimum
1027 1559 1170 1620 belluina

73 1639 280 1722 Sennacherib
294 1640 411 1700 illatum
421 1643 518 1702 miaaia
526 1643 697 1703 numeribua
711 1643 840 1725 depulita
853 1643 945 1722 igitur
958 1645 1064 1704 mnndi
1077 1645 1171 1712 4779.

71 1726 223 1787 Narratur
234 1725 358 1786 hiatoria
370 1727 423 1790 lib.
442 1729 472 1794 4.
487 1729 557 1806 Reg.
574 1747 640 1808 cap.
658 1731 708 1796 18.

161 1812 230 1888 Peg.
253 1815 326 1878 202
348 1808 468 1893 Σσλοΰμ
479 1810 594 1894 ἡμέρας
607 1807 653 1892 t‘.]
676 1813 789 1874 Selium
808 1833 939 1876 manaem
952 1834 988 1876 ao
1002 1821 1101 1876 totum
1115 1831 1172 1874 re-

73 1915 171 1973 gnum
189 1897 321 1974 congerit
334 1895 450 1956 Anthou
469 1917 537 1956 oum
555 1895 714 1958 Zachariae
730 1899 881 1959 menaibue
900 1919 969 1977 aex,
991 1910 1022 1960 et
1033 1909 1098 1959 toto
1114 1919 1172 1982 pa·

72 1981 153 2040 riter
175 1999 264 2058 regno
280 1981 313 2040 ia
327 1981 433 2042 mnndi
448 1982 541 2050 4712.
571 1981 756 2046 Adranatnr
774 1984 931 2065 Scriptura
937 2006 946 2062 ;
968 1993 998 2046 et
1013 1983 1172 2044 Zachariae

76 2064 202 2140 quidem
214 2069 244 2128 6.
258 2085 371 2126 menaea
389 2067 424 2126 in
443 2087 555 2143 unum,
577 2067 690 2128 Salium
709 2088 781 2130 vero
799 2089 931 2130 manaem
952 2070 986 2132 iu
1003 2069 1096 2130 alium
1115 2087 1173 2126 an-

76 2167 157 2206 num
177 2148 304 2212 mcrihit.
323 2151 354 2216 4.
382 2152 494 2231 Regum
509 2171 576 2232 cap.
594 2152 643 2218 16.
657 2172 687 2214 r.
706 2156 736 2219 8.
777 2153 870 2213 Anno
894 2157 1048 2235 trigeanno
1067 2163 1172 2212 octavo

74 2233 216 2292 Azariaa
232 2238 312 2316 regia
329 2233 431 2314 Iuda,
460 2240 601 2314 regnavit
617 2238 789 2297 Zachariae
797 2240 894 2318 filiae
911 2241 1064 2300 Ieroboam
1081 2257 1174 2318 cuper

75 2317 179 2377 Israel
191 2327 247 2379 etc.
263 2329 294 2380 et
309 2341 338 2380 v.
356 2325 406 2387 18.
428 2322 545 2380 Selium
552 2323 646 2400 filiun
661 2321 746 2380 labeo
762 2328 900 2402 regnarit
915 2329 1069 2404 trigesimo
1091 2342 1171 2384 nono

75 2424 157 2462 armo
173 2403 309 2464 Aaariae
322 2408 404 2486 regie
420 2403 511 2465 Inda.
548 2403 693 2466 Anthoria
717 2405 913 2468 hallucinatio
935 2431 998 2470 non
1011 2418 1100 2488 anget
1115 2425 1172 2468 nee

74 2488 185 2548 minuit
200 2509 345 2552 annorum
359 2509 531 2552 numerum:
555 2511 615 2570 qua
632 2490 749 2551 ratione
763 2491 888 2552 dauriae
901 2493 1051 2569 trigeaimo
1065 2501 1171 2554 octavo

77 2573 237 2634 Zachariae
249 2595 373 2654 regnum
386 2575 468 2654 apud
485 2595 551 2636 eum
566 2594 628 2636 non
638 2575 815 2654 reapondeat
830 2575 902 2636 olibi
918 2577 1085 2640 dicontitur.

164 2663 227 2722 Τοῦ
247 2655 362 2742 Ἰσραήλ
384 2655 426 2722 ιε’.
440 2660 629 2740 ἐβασίλευσεν
650 2655 790 2740 Macaria
810 2659 859 2741 ἔτη
877 2654 951 2763 affl
967 2657 1172 2722 Praesentibua

78 2743 176 2806 verbio
191 2745 249 2804 ulia
265 2755 335 2824 port
354 2765 463 2824 paucae
481 2745 575 2804 lineae
591 2745 715 2824 legenda
731 2746 869 2824 adiungo.
912 2768 991 2807 ουτω
1010 2741 1067 2829 yolo
1086 2741 1173 2826 εὖρο-

77 2824 204 2909 θήσετσι
214 2825 248 2893 ad
261 2824 304 2892 θ’.
320 2829 385 2903 ἔσσο
395 2834 451 2892 τοῦ
468 2824 516 2910 ιη’.
532 2829 584 2904 nal
597 2829 766 2894 calceantem
782 2827 925 2911 βασιλέως
945 2833 1006 2896 τοῖν
1021 2826 1048 2892 ι’.
1067 2832 1174 2906 φυλῶν

76 2907 164 2994 Ὠσηὲ
181 2919 223 3000 τῷ
240 2911 272 2986 ς’.
294 2912 352 2978 ἔσει
368 2909 499 2988 Ἐζεκίου
521 2913 665 2996 βασιλέως
680 2907 778 2978 Ἰούδα
796 2911 872 2978 eard
887 2911 944 2996 τήν
958 2906 1097 2998 γραφήν·
1119 2911 1172 2977 roal

79 2991 113 3060 ori
131 3003 249 3071 καλῶς·
269 2993 349 3062 καθ’
369 2995 388 3064 d
406 2997 564 3082 γέγουευοὶ
582 2995 684 3081 πρώτη
700 3004 757 3064 τοῦ
770 2994 883 3082 Ἰσραὴλ
896 3001 1089 3080 σίχμολσσσίο.
1130 2999 1172 3060 At

78 3084 214 3161 quemvis
227 3081 301 3144 haec
317 3085 490 3164 scripturae
503 3084 603 3145 verhia
616 3086 646 3151 4.
667 3087 778 3164 Regum
793 3105 858 3166 cap.
876 3089 924 3152 18.
938 3105 969 3160 v.
985 3091 1034 3152 10.
1048 3104 1172 3145 concen-

78 3167 168 3246 tiant,
189 3189 252 3229 non
267 3169 398 3230 admittit
413 3169 550 3248 aanor,
573 3190 629 3229 ceu
642 3170 694 3248 qni
710 3171 783 3230 Oreo
793 3170 925 3250 primurn
938 3179 968 3230 et
981 3169 1080 3230 Achae
1093 3171 1172 3233 duo·

79 3251 226 3314 decimum
242 3273 337 3316 annoa
349 3253 424 3316 velit
438 3254 476 3314 ad
489 3255 619 3314 invicem
635 3255 831 3333 colligandae.
1193 3254 1197 3262 ’

164 3342 228 3402 Τοῦ
244 3335 276 3402 δὲ
296 3333 413 3420 κόσμου
428 3333 541 3424 ,δψσγᾙ
563 3341 677 3400 Selium
692 3342 810 3419 excepit
825 3337 1000 3417 Manchan,
1022 3347 1053 3400 et
1067 3338 1171 3400 eodem

79 3441 154 3484 anno
175 3424 313 3503 regnavit
330 3435 471 3504 uterque,
498 3424 530 3486 id
550 3433 594 3483 eat
613 3424 718 3485 mnndi
738 3425 831 3492 4713.
852 3443 891 3484 ex
910 3435 983 3484 nota
1006 3425 1170 3506 superiore.

78 3504 248 3570 lectionem
259 3504 372 3593 ,dpaffi
387 3511 551 3568 tuebuntur
565 3509 618 3588 qui
633 3519 701 3588 poet
715 3509 828 3573 Salium
844 3509 1019 3586 duodecim,
1041 3510 1089 3572 vel
1107 3509 1171 3568 aal-

78 3600 134 3654 tam
148 3595 314 3673 Interregni
330 3595 433 3654 decem
444 3613 537 3653 annor
550 3594 665 3675 poeitae
679 3595 795 3657 volone
816 3593 892 3656 Vide
905 3595 1059 3656 Patavium
1073 3594 1126 3653 lih.
1139 3595 1169 3658 9.

79 3675 114 3738 de
134 3680 222 3744 lloct.
245 3681 350 3760 Temp.
372 3699 437 3758 cap.
460 3679 511 3746 65.

158 3759 339 3847 Ἀφρικανὸς
359 3761 392 3826 dl
413 3756 491 3842 daia]
525 3761 664 3842 Sequitur
682 3762 818 3825 Africani
845 3781 1002 3824 nnmerum
1029 3777 1131 3821 arram
1152 3779 1171 3818 a

80 3865 168 3991 propo
191 3851 322 3930 Scaliger
342 3848 441 3931 pegia.
459 3851 511 3914 38.
540 3847 669 3910 Euaehio
695 3849 798 3911 decem
819 3869 913 3910 annor
933 3843 1089 3908 nminem
1108 3842 1172 3904 tri-

100 3944 194 3996 trente.

164 4023 228 4084 Τοῦ
242 4014 276 4082 di
285 4010 400 4098 κόσμου
414 4011 533 4103 ,daay'd
554 4017 643 4078 Anno
659 4037 676 4076 a
690 4017 795 4078 mundi
815 4015 941 4076 conditu
955 4017 1048 4082 4718.
1062 4022 1170 4094 tyram

80 4101 176 4165 uidem
191 4105 294 4166 decem
307 4101 394 4164 annia
413 4103 520 4164 deinde
536 4102 741 4184 occupandam
754 4100 881 4181 arripuit
894 4097 1065 4160 hlanahem:
1087 4097 1169 4159 filine

82 4183 176 4269 itaque
192 4187 348 4250 Phaceaiae
359 4187 419 4248 iam
431 4209 450 4248 a
464 4189 558 4255 4728.
571 4189 610 4248 ad
626 4197 785 4268 paternum
799 4185 909 4246 aolium
923 4193 1047 4245 vocatae
1061 4193 1114 4247 eat.

163 4278 228 4338 Τοῦ
243 4271 277 4337 δὲ
296 4267 407 4353 κόσμου
421 4269 539 4358 ῥοιῇ]
562 4273 701 4334 Pracann
716 4270 862 4332 correctio
882 4269 1113 4352 praecedentes,
1133 4279 1170 4332 nt

81 4361 178 4421 textor
193 4379 279 4422 aanor
293 4358 368 4419 ahoe
380 4367 559 4440 praeeuntea
573 4355 720 4437 aequitat.
