2888 4714
283 337 362 418 24ss
513 415 519 428 ,
642 341 992 418 EMENDATIONES

288 507 463 583 Phoroneo,
486 507 543 586 qai
561 499 664 566 dietus
675 513 719 564 est
724 505 863 584 primus,
885 511 914 562 et
930 497 966 561 ds
978 499 1095 580 Neobe,
1116 509 1148 560 et
1157 522 1245 583 qaae
1254 505 1395 582 fecerent

286 603 358 674 post
371 589 529 656 ιίἰὶανὶιιαι.
573 589 738 672 Exponunt
754 587 829 648 haec
850 607 923 668 quae
937 607 1028 668 snpra
1048 585 1086 647 de
1105 585 1188 665 Argo
1207 599 1240 648 st
1256 591 1393 671 Sicyone

289 675 484 758 Peloponnesi
494 675 635 753 urbibus,
656 693 790 756 quseque
803 673 882 734 inira
896 672 934 732 de
946 673 1050 752 Ogygo
1065 679 1095 730 et
1112 669 1180 734 eius
1198 673 1331 737 diluvio.

373 789 461 856 Kacol
472 788 598 869 τούτους
608 789 682 868 τούς
695 787 838 874 winone]
859 789 963 852 lnachi
977 791 1026 851 vel
1038 789 1190 852 Phoronei
1199 793 1387 854 Gnmnrnm

291 877 491 959 antiquissimi
508 877 606 940 habiti
625 887 758 958 tempore
779 877 906 936 celebres
923 877 1004 938 viros
1019 876 1176 955 Ogygum,
1195 875 1388 956 Thessalum,

292 965 408 1026 Cretesn
428 963 485 1023 sibi
506 983 597 1044 regna
611 964 791 1023 instaurasse
811 961 844 1021 in
860 959 973 1042 Attica,
994 959 1163 1038 Thessalia,
1183 961 1289 1038 Grae,
1312 983 1387 1021 sne-

290 1057 387 1111 snorst
404 1047 524 1110 duthor
540 1070 577 1110 ex
595 1049 746 1108 Clemente
764 1045 975 1108 Alexandrino.
1017 1045 1122 1105 Trium
1140 1045 1261 1106 illorum
1279 1047 1385 1127 prima

289 1133 436 1196 latercula
457 1153 615 1213 regnorum
630 1131 764 1213 disponit
785 1131 910 1192 Iacobus
929 1129 1096 1192 busclaene
1115 1129 1211 1192 dictus
1231 1131 1262 1191 ls
1283 1131 1386 1212 Perre

290 1220 323 1280 in
336 1219 533 1298 chronologia
547 1225 647 1278 sancta
665 1235 749 1298 pagg.
769 1218 838 1284 198.
849 1215 923 1285 256.
940 1225 970 1276 et
982 1217 1056 1284 257.

371 1330 422 1400 Ἐν
441 1329 599 1418 Τριτοίννδι
611 1333 733 1420 λίμνη]
755 1333 873 1415 Ecquid
888 1335 1021 1414 Scaliger
1034 1334 1144 1414 absque
1161 1332 1384 1415 praepositione

290 1419 441 1496 scribens,
463 1419 611 1480 coniectat
624 1419 799 1499 legendum:
824 1419 966 1502 Τριτωνὶς
982 1421 1073 1502 λίμνη
1088 1421 1210 1501 Ἀθηνᾶ
1224 1413 1384 1502 aremiti-

288 1511 376 1584 tncee
397 1497 577 1586 α’νομᾶσθη.
619 1506 661 1566 At
679 1525 775 1585 usqne
796 1505 931 1568 Tritonis
951 1505 1037 1586 palus
1059 1503 1141 1564 dicta
1162 1512 1210 1566 est
1231 1505 1384 1568 Μὶααπι

287 1608 386 1668 neque
404 1591 539 1650 Minerva
551 1589 686 1652 Tritonis
701 1591 804 1672 palus,
825 1590 897 1650 licet
914 1589 1047 1650 Tritonia
1060 1598 1113 1650 eut
1128 1589 1267 1650 Tritonia
1283 1611 1299 1648 a
1318 1609 1384 1668 pa·-

288 1675 361 1738 lude
380 1673 420 1734 sit
434 1684 615 1756 nuncupate.
649 1677 781 1756 dispono
801 1675 966 1736 correctius
984 1674 1025 1734 ed
1038 1673 1159 1734 Eusebii
1174 1673 1275 1734 Latini
1289 1673 1384 1734 verbs

290 1759 329 1820 sd
343 1757 479 1820 Abrahae
491 1781 604 1820 annum
618 1759 690 1826 225.
723 1759 876 1820 Phorones'
894 1759 1078 1839 temporibus
1093 1757 1182 1839 apud
1195 1759 1300 1818 lacum
1319 1761 1383 1821 rte·-

290 1843 424 1904 tons'dem
436 1848 523 1925 virgo
540 1847 688 1925 apparuit
693 1889 703 1921 ,
725 1863 821 1924 quam
835 1847 945 1906 Graeci
962 1846 1135 1906 Minervam
1151 1854 1382 1922 nuncuparwst.

289 1927 333 2034 ier!
340 1923 499 2011 Tpssoo‘esds
507 1930 598 2018 λίμνη
611 1927 764 2015 naptleoe
778 1923 889 2011 ἕφοὶνη,
903 1927 928 2013 ἡ
942 1925 1165 2015 παρ’Ἢῑησιν
1175 1923 1291 2010 Ἀθηνᾶ
1307 1921 1382 1992 eiro-

290 2021 405 2096 estta-

380 2119 514 2195 'Ittxi'rae
534 2112 587 2176 sol
608 2104 797 2194 Kepossiree]
829 2111 974 2174 Eusebius
994 2114 1129 2179 latinns.
1186 2113 1343 2196 Tbltaplsis
1361 2125 1386 2172 et
1433 2167 1434 2174 ,

293 2200 434 2262 cerensis
447 2197 595 2259 adversae
610 2197 802 2257 Phoroneum
816 2198 985 2260 instituant
999 2200 1119 2264 bellum.
1147 2199 1218 2260 Non
1233 2201 1384 2260 nationum
1433 2229 1434 2234 ¹

280 2280 340 2344 ¹vel
352 2282 500 2360 gentium,
517 2281 569 2342 sed
582 2282 704 2364 propria
718 2282 854 2344 virorum
868 2294 937 2344 sunt
949 2285 1029 2366 apud
1042 2305 1110 2345 enm
1124 2285 1296 2346 vocabula:
1316 2303 1385 2364 ηαο-
1433 2273 1434 2325 l

290 2385 359 2427 rum
374 2366 475 2428 variae
488 2367 631 2428 lectiones
644 2368 725 2448 apud
738 2367 903 2428 Pontacum
919 2369 1114 2448 singularium
1126 2369 1269 2431 rherum
1284 2369 1384 2450 appel-

289 2451 415 2512 lationes
430 2471 492 2514 esse
507 2451 706 2516 subindicant.
746 2451 840 2514 Addit
855 2463 953 2515 tamen
972 2454 1037 2534 ipse
1047 2456 1208 2516 Pontacus.
1252 2453 1384 2516 susum

291 2547 322 2596 et
340 2537 469 2598 Diodoro
492 2536 542 2600 lib.
566 2538 596 2606 6.
619 2537 677 2616 legi
703 2537 857 2598 Telchines
862 2561 874 2614 ,·
896 2537 1016 2620 hocque
1040 2549 1129 2620 pacto
1149 2539 1276 2616 Georgii
1293 2539 1384 2600 nostri

291 2621 434 2682 Graecam
447 2623 607 2682 lectionem
621 2623 774 2702 probatam
789 2623 939 2704 relinquit
982 2624 1043 2684 lios
1056 2645 1148 2704 porro
1160 2625 1323 2686 Telchines
1336 2643 1384 2704 ps·

288 2707 348 2768 trie
364 2707 515 2768 Cretenses
531 2727 566 2766 ac
581 2707 700 2766 Curetes
717 2707 870 2768 Strabonis
885 2709 937 2768 lib.
960 2714 1010 2776 10.
1032 2709 1142 2768 deinde
1157 2709 1292 2771 lllsodios
1308 2710 1384 2768 aas·

289 2793 359 2852 dem
378 2793 431 2852 lib.
454 2797 503 2860 14.
526 2791 689 2852 celebratos
709 2791 856 2855 existimo.
897 2792 1027 2859 incisive
1042 2788 1074 2856 δ’
1087 2791 1110 2876 el
1121 2789 1220 2868 Ῥόδος
1235 2787 1382 2874 πρότερον

289 2871 499 2954 Ὀφιοῦσαναὶ
514 2877 642 2952 Radia,
665 2871 727 2939 eleo
743 2877 890 2958 Tatxeelr,
910 2871 970 2943 alred
990 2881 1050 2941 soie
1070 2873 1257 2959 οἰκησόντων
1278 2877 1382 2956 Μηί-

290 2983 354 3023 ναν
375 2959 431 3042 τήν
455 2956 566 3041 νῆσον·
597 2956 652 3036 οὓς
670 2961 703 3024 oi
719 2959 775 3042 pis
799 2957 970 3044 βασκάνους
990 2960 1066 3042 φασὶ
1088 2963 1142 3026 set
1156 2958 1276 3046 γόητας·
1299 2963 1331 3026 si
1350 2957 1384 3023 di

291 3043 406 3124 aheneo
421 3044 635 3128 διαφέροντας,
657 3040 835 3111 τούναντίον
854 3044 916 3111 test
931 3052 992 3110 soie
1011 3041 1095 3110 siesse
1128 3071 1191 3112 ναν
1210 3049 1382 3129 βααανθῆ-

290 3151 362 3203 ναι,
384 3129 436 3192 sol
454 3131 698 3210 τηςδναφημίας
716 3127 949 3236 captivatione.
977 3131 1116 3196 lteetet
1144 3133 1179 3197 le
1196 3127 1319 3212 Κρήτης
1339 3131 1382 3204 elc

291 3207 420 3295 Κύπρον
434 3219 569 3296 πρῶτον,
590 3209 702 3290 elr'eie
717 3215 825 3282 Ῥοδον.
867 3215 997 3278 Iliadae
1019 3219 1108 3276 initio
1128 3216 1217 3276 dicta
1235 3219 1379 3297 Ophiusa,

290 3307 384 3376 atque
407 3299 536 3359 Stadia:
557 3297 662 3360 deinde
686 3301 836 3364 Telcbasia
857 3303 897 3360 ab
914 3301 1159 3362 inhabitantibus
1178 3325 1248 3362 eam
1265 3300 1380 3362 Telchi-
1431 3367 1432 3372 η

290 3383 390 3445 nibus.
429 3385 493 3442 Hos
507 3386 566 3444 alii
575 3389 783 3464 fascinatores
797 3397 824 3445 et
837 3389 1091 3467 praestigiatores
1103 3386 1305 3467 praedicant:
1323 3385 1381 3443 etit

292 3488 363 3528 cum
376 3469 546 3527 excellerent
560 3471 696 3549 artibus,
718 3474 853 3530 invisum
866 3475 908 3530 iis
921 3472 960 3530 ab
971 3493 1073 3532 eorum
1086 3475 1217 3533 aemulis
1228 3477 1334 3548 mant,
1355 3477 1381 3526 el

195 3555 227 3612 Ρ.
243 3553 279 3615 bi
293 3553 351 3614 hoc
364 3555 512 3630 infamiae
525 3555 672 3619 retulisse.
713 3558 747 3617 E
762 3557 852 3616 Oresa
863 3560 1054 3636 eoeprtmum
1068 3561 1102 3616 in
1122 3559 1269 3638 Qtprssm,
1283 3551 1380 3616 dende

291 3637 437 3701 Rhodum
451 3640 572 3701 vertisse.
614 3641 809 3722 Peloponnesi
824 3653 924 3704 tamen
940 3641 1020 3702 avito
1037 3643 1101 3702 eolo
1122 3641 1284 3703 Telchinas
1302 3649 1378 3700 snos

292 3725 425 3786 declarat
436 3723 552 3784 Author
566 3725 690 3786 interius
705 3747 771 3808 pag·
788 3727 859 3795 149.
872 3729 905 3791 Β.
922 3727 973 3805 qui
988 3728 1097 3788 eiectos
1112 3727 1256 3787 lihodum
1271 3723 1378 3808 Ophiu·

291 3830 356 3872 eam
376 3810 449 3870 olim
471 3809 581 3870 dictam
601 3813 730 3872 tenuisse
749 3821 883 3875 testatur.
925 3813 1062 3873 Praesens
1080 3813 1182 3892 itaque
1202 3805 1378 3872 locmalteri

291 3895 369 3956 belle
384 3905 538 3958 consonat.
580 3895 737 3956 Telchines
750 3897 829 3956 enim
844 3907 875 3957 et
890 3898 978 3956 Cares
994 3898 1058 3958 sive
1080 3899 1239 3958 Cereatae
1262 3907 1290 3956 et
1308 3895 1377 3954 Par·

290 3977 384 4040 rhesii
402 3981 596 4062 Peloponnesi
615 3983 736 4040 fuerunt
748 3981 873 4043 incolae.
916 3982 958 4041 lle
973 3983 1106 4059 Caraeis,
1127 3983 1191 4041 sies
1208 3981 1313 4061 Caryia
1328 3977 1376 4038 uis

291 4065 431 4125 observet
451 4067 580 4145 Scaliger
598 4065 755 4128 Animadv.
771 4085 837 4147 pag.
852 4071 903 4136 20.
945 4069 1084 4150 Duplicee
1103 4067 1209 4128 statuit
1226 4065 1378 4126 Arcadicos

291 4157 322 4207 et
334 4150 496 4210 Laconicas
511 4151 619 4232 quibus
632 4150 710 4209 addo
725 4149 866 4212 Ghienses
886 4151 995 4212 Vicum
1008 4153 1047 4212 ad
1060 4171 1201 4232 passuum
1215 4151 1275 4211 duo
1292 4147 1375 4211 mittis

293 4230 329 4286 ab
343 4233 417 4292 urbs
430 4232 522 4309 Chio,
544 4234 628 4295 cuiue
646 4235 763 4296 incolae
780 4239 966 4317 Καρονοῖται,
987 4238 1151 4317 eodemque
1164 4235 1287 4297 nomine
1298 4236 1374 4313 iguo·

291 4309 366 4370 biles
381 4315 493 4394 quique
507 4319 592 4380 vanis
606 4339 642 4380 ao
655 4321 791 4401 superbis
805 4321 871 4382 Chii
885 4323 1001 4383 civibus
1014 4321 1103 4384 hodie
1119 4321 1201 4384 dicti.
