2860 4714
357 366 419 436 ur
434 323 787 492 sunoninonus.
1043 357 1119 436 loe
1151 469 1154 480 Ι

51 521 204 600 stedigero
218 521 350 604 positum
360 520 497 586 falsitatis
510 523 624 605 arguit,
644 526 759 608 reliqna
773 524 916 608 Scaligeri
928 516 1046 588 obiecta
1063 547 1120 592 esu

51 607 173 670 letissisnn
185 607 334 668 exsufflet.

113 691 173 772 Peg·
195 693 250 760 84·
271 688 362 758 Med
381 688 435 757 τόν
453 690 659 776 κατακλυσμὸν
679 695 729 776 len
752 689 807 760 τιν’.
830 695 930 780 μέχρις
940 689 1119 778 πγ’.Ἔβερ.]

51 773 131 834 lenus
145 799 161 838 n
175 775 291 840 diluvio
305 779 378 845 860.
390 777 423 837 in
438 775 536 838 Hebes·
553 783 605 845 83.
618 777 676 840 bae
688 779 804 842 ratione
818 781 935 843 incidit.
955 779 1121 862 Arpbsxad

51 857 144 920 lininio
166 872 237 942 post
256 862 406 923 diluvium
422 863 574 923 nescitur:
604 864 675 924 anni
696 872 726 932 2.
745 864 907 944 Arpbsxad
925 865 1028 926 aetatis
1047 865 1118 932 185.

51 955 145 1020 generat
158 947 226 1008 Sele
249 943 378 1030 (Cainau
392 948 472 1008 enim
483 947 625 1012 Eusebius
640 949 794 1030 praeterit)
816 969 930 1012 summa
950 953 1021 1015 137.
1054 950 1121 1010 Sala

52 1047 172 1090 annuum
188 1036 260 1100 180.
274 1031 517 1111 genaratlleber:
538 1052 652 1094 summa
667 1040 738 1102 267.
754 1034 852 1094 lieber
866 1039 915 1102 83,
925 1053 1038 1094 summa
1048 1035 1121 1100 850.

112 1113 200 1196 ‘Oedi
222 1113 258 1182 di
279 1116 312 1180 ir
334 1121 373 1201 τῇ
393 1113 677 1201 συγκεφαλαιοὶσει]
712 1121 803 1180 Haec
824 1130 897 1178 aunt
917 1118 1120 1178 stultissima:

52 1197 428 1280 snibitScaligerAnimadv.
439 1223 467 1282 p.
478 1202 551 1270 249.
564 1205 718 1284 Sapienter
724 1204 785 1282 ille,
794 1203 820 1266 si
829 1203 1120 1266 rationeduceretus.

112 1284 176 1364 Peg·
197 1289 250 1352 85.
270 1285 365 1368 ’0μοῦ
376 1283 413 1352 rei
425 1281 524 1350 πάντα
536 1287 585 1368 ἔτη
600 1283 689 1372 ,eset
717 1289 763 1350 Ex
786 1289 913 1371 privetis
934 1285 1122 1349 Genesrcbs-

49 1385 102 1426 run
122 1371 304 1450 singulorum
327 1380 396 1432 ante
416 1373 608 1456 renvoyous‘nv
634 1375 779 1436 aetatibus
801 1393 948 1436 annornm
969 1375 1060 1438 1807.
1082 1391 1121 1432 01

51 1453 198 1516 Samaritico
223 1465 366 1536 computo
387 1475 519 1532 summa,
542 1457 642 1535 colligi
661 1459 778 1538 nequit,
802 1459 860 1519 nisi
876 1459 957 1538 quod
975 1465 1121 1537 antepen-

50 1535 134 1600 ufims
151 1541 344 1618 probavimus
368 1540 587 1620 observatione,
608 1542 713 1604 Enoch
733 1551 801 1602 ante
820 1544 936 1624 prolem
954 1551 1121 1621 susceptam

51 1619 110 1680 ritae
126 1625 261 1702 quintum
278 1635 309 1684 et
326 1629 377 1692 60.
392 1625 522 1703 attigisse
535 1648 692 1706 ponamus.
717 1627 795 1688 llluc
809 1627 938 1690 adducta
953 1626 1121 1688 coniectura

51 1706 144 1767 ntione
157 1719 186 1768 et
199 1709 340 1789 scaligeri
357 1711 526 1770 testimonio
540 1713 664 1792 probata
674 1713 823 1792 praesenti
836 1711 1016 1772 authoritate
1029 1711 1122 1772 robur
1198 1780 1204 1790 Ι

51 1809 119 1852 enne
131 1793 184 1852 sibi
198 1803 359 1877 comparat.
381 1795 481 1868 Quare
495 1797 576 1874 quod
591 1807 655 1858 tuns
667 1797 709 1855 ibi
724 1817 791 1878 pag.
807 1798 879 1864 243.
896 1805 959 1856 tum
977 1795 1010 1854 in
1033 1796 1122 1856 rerba

50 1871 108 1935 baec
120 1897 183 1958 pag.
200 1882 271 1949 243.
282 1880 437 1942 contendit
453 1881 586 1959 Scaliger
603 1901 642 1942 ex
659 1883 801 1942 mendoso
819 1881 923 1942 codice
937 1901 993 1940 suo
1016 1881 1122 1944 Sama·

49 1959 121 2020 ritico
134 1961 166 2020 in
181 1973 330 2042 nostrum,
350 1974 388 2026 nt
402 1965 444 2024 ibi
460 1975 604 2027 assertum
625 1975 685 2042 est,
707 1959 907 2050 ἀρχαιότατον.
920 1975 949 2025 et
963 1984 1034 2024 vere
1046 1957 1122 2044 siin·-

48 2041 92 2118 θὲς
104 2046 220 2108 mendas
232 2049 379 2128 inducere,
401 2060 431 2110 et
443 2045 538 2135 genef.
555 2059 731 2131 corruptum
745 2071 905 2110 numerum
924 2048 1032 2112 sinceri
1045 2043 1121 2132 ,chst
1227 2083 1232 2100 ι

48 2129 102 2188 rice
120 2149 293 2213 supponere,
313 2155 377 2196 non
398 2135 458 2196 nisi
480 2135 615 2198 indurati
636 2135 745 2198 erroris
765 2136 920 2200 vesitatens
942 2143 1044 2218 aperte
1060 2133 1118 2196 im-

49 2219 186 2292 pugnantis
204 2219 350 2282 indicium
369 2229 422 2282 est·
935 2215 942 2242 ⁸

105 2297 200 2365 ”Esses
208 2301 308 2385 mest]
330 2305 374 2366 lta
387 2304 562 2366 emendatur
574 2303 726 2366 Librarius
746 2306 918 2387 exscriptis
933 2305 970 2366 ab
984 2325 1019 2366 eo
1032 2325 1061 2384 p.
1071 2306 1122 2370 83

50 2378 74 2440 D.
91 2383 128 2444 its
146 2389 286 2466 scaligeri
305 2409 404 2451 novus
424 2410 508 2454 error
526 2411 592 2470 pag.
612 2390 683 2457 243.
697 2391 853 2454 Animadv.
875 2383 943 2460 th'.
965 2389 1123 2449 scribentis

52 2470 177 2547 utuntur,
198 2475 241 2532 ita
259 2475 394 2554 denique
405 2475 538 2535 numeris
556 2477 647 2541 1307.
663 2482 693 2532 et
707 2475 778 2541 935.
793 2475 830 2532 ed
845 2473 975 2532 invicem
996 2474 1123 2550 compo-

51 2549 100 2611 sitis
118 2564 220 2618 statuta
241 2569 309 2618 ante
329 2559 479 2620 diluvium
503 2579 520 2618 a
541 2563 593 2626 70.
622 2557 836 2640 Interpretibue
858 2575 1006 2643 annorum
1027 2555 1122 2622 2242.

50 2653 142 2697 summ
153 2645 237 2702 nulla
253 2643 430 2706 difficultate
445 2643 601 2708 astruitur.

115 2726 228 2803 Αίθονς
251 2725 309 2812 yde
332 2727 423 2792 ἔνθεν
440 2727 498 2809 τι]
532 2729 641 2788 Eadem
661 2725 831 2790 Eustothins
853 2724 940 2806 quasi
962 2715 1120 2802 sirinnan,

54 2805 90 2864 nt
99 2807 193 2872 saltem
207 2814 254 2872 rei
269 2823 364 2892 gestae
377 2809 547 2897 ὁμόχρονος.
941 2855 948 2898 ¹
1150 2883 1153 2891 ,

114 2887 262 2978 Ἀρφαξᾶδ
271 2893 432 2982 γενόμενος
445 2892 512 2980 ρλέ.
526 2893 684 2980 ὶγέννησεν
698 2893 749 2960 τὸν
763 2897 885 2958 Kci'rd'v
902 2881 1008 2979 [inoffi]
1030 2889 1122 2950 tuss-

51 2976 139 3039 randns
150 2985 231 3063 apud
246 2983 402 3062 Virgilium
418 2983 482 3044 Nisi
495 2983 532 3044 de
543 2983 642 3063 palma
656 2981 864 3042 contendentis
876 2979 909 3038 in
922 2977 1019 3038 medio
1030 2995 1122 3036 cursu

51 3071 169 3144 pratoque
184 3087 290 3128 cesus:
314 3078 346 3128 st
362 3067 498 3130 mirando
509 3067 600 3145 megia
613 3065 665 3128 bic
676 3065 861 3126 celeberrimi
878 3061 1034 3141 scriptoris
1051 3059 1121 3120 hal·

51 3143 183 3230 lucinatio,
204 3162 252 3230 et,
274 3153 356 3232 quod
370 3153 472 3230 aiunt,
494 3152 526 3212 in
540 3153 631 3232 plano
650 3150 800 3230 diligentis
821 3147 1003 3226 Chronologi
1021 3145 1121 3226 cespi-

52 3229 121 3310 11110,
146 3246 175 3296 et
196 3239 298 3318 lapsus
318 3238 436 3299 infelix.
472 3237 624 3316 Nusquam
653 3235 774 3296 fallaces
794 3234 946 3309 scientiae,
976 3231 1122 3292 fallantur

52 3310 112 3392 licet,
124 3321 172 3398 qui
185 3343 236 3384 eas
248 3331 388 3386 nunaut.
410 3323 494 3396 Quae
510 3322 619 3382 certior
633 3319 846 3382 Mathematicie
863 3316 1015 3397 cognitio?
1037 3317 1122 3390 Ques

52 3393 363 3482 benemerentem,
390 3406 610 3469 Arithmetical
648 3405 691 3466 En
715 3414 833 3481 tamen,
861 3404 915 3483 qui
941 3401 1073 3464 numeris
1091 3410 1122 3462 et

53 3486 222 3553 mustellus
244 3493 324 3553 orbis
338 3493 493 3553 historiam
516 3489 671 3552 distribuit
685 3489 829 3568 Georgius
846 3488 1002 3569 Syncellus
1018 3487 1050 3546 in
1069 3487 1122 3548 fa-

54 3567 146 3634 cumi.
158 3580 401 3661 nuorioyllascse
424 3587 454 3636 et
474 3576 527 3656 qui
540 3577 680 3655 religioso
702 3575 883 3636 Graecorum
899 3592 982 3636 snore
997 3591 1029 3632 sa
1043 3571 1120 3629 Pec-

53 3661 157 3718 estorem
173 3662 333 3743 profitetur
348 3663 383 3722 in
403 3660 612 3740 Chronologici
632 3660 731 3741 operis
752 3660 872 3736 limina,
893 3653 1120 3753 impraesentia-

52 3753 103 3798 ΝΜ
120 3748 201 3822 qussi
226 3747 264 3808 de
283 3769 314 3808 sa
333 3747 529 3822 vaticinatus,
559 3745 704 3826 probatur
725 3743 915 3823 Cbonologns
936 3739 1120 3820 decorosius·

51 3817 163 3890 flumana
188 3851 236 3892 res
261 3841 323 3909 est,
352 3831 486 3910 adeoque
506 3831 666 3903 iseillima,
694 3839 867 3912 peccatum,
893 3827 928 3886 in
954 3823 1036 3884 facili
1056 3837 1121 3924 non

51 3915 251 3976 committetur'l
281 3916 337 3983 ἔπει
359 3917 501 3999 δευτέρῳ,
530 3917 634 3976 scribit
648 3915 715 3992 ille,
745 3909 817 3994 μετὰ
834 3908 888 3976 τᾶν
904 3913 1119 3985 κατακλυσμον,

51 3988 108 4072 &itt
118 3995 249 4081 ἐγέννησε
263 3999 317 4065 nin
328 3995 490 4083 Ἀρφαξάδ.
514 4001 666 4061 Generalis
679 3999 758 4062 orbis
771 4019 827 4080 per
842 3993 990 4056 diluvium
1003 3993 1119 4086 iactura

50 4079 124 4147 2242.
148 4105 226 4145 anno
247 4086 422 4148 ascribitur:
459 4084 621 4166 Arplrnxad
646 4085 753 4146 natalia
780 4081 843 4141 dies
871 4075 1023 4157 sequentis
1046 4093 1120 4134 anns

50 4164 124 4230 224&
142 4169 288 4246 termino,
309 4166 368 4255 (sic
387 4189 528 4230 annama
544 4171 659 4234 diluvio
676 4167 837 4228 secundum
858 4159 997 4242 exponit)
1018 4159 1120 4257 consi·

50 4257 146 4318 suatur.
178 4255 315 4315 Evolutis
332 4256 433 4335 itaque
453 4265 573 4314 centnm
588 4265 617 4314 et
634 4253 765 4332 quinque
783 4269 871 4327 supra
887 4246 1008 4326 triginta
1022 4265 1119 4316 ansus,

50 4341 196 4407 η0112377.
209 4359 364 4404 ιιιωιοτιτο
379 4339 514 4417 deberet,
534 4335 586 4400 sed
602 4341 694 4405 2378.
724 4335 769 4396 En
789 4343 888 4393 temen
900 4341 944 4402 ut
964 4331 1120 4393 manifests
1146 4327 1156 4348 ‘
