2960 4716
515 361 818 436 DlSSEllTATlO.
879 305 883 314 ι
1188 363 1213 440 5

187 523 383 604 Quamquam
403 543 478 586 vero
500 523 600 604 plures
621 523 681 584 ism
702 533 772 586 ante
794 522 865 588 Chr.
887 531 950 588 nst.
964 525 997 586 ln
1016 524 1171 608 Aegyptiis
1184 539 1215 594 st

112 606 237 684 Persicis,
259 609 402 669 maxime
415 609 447 670 in
463 609 584 670 Grsecis
599 609 799 690 llomsnisqus
811 611 900 672 rebus
913 611 951 672 ad
967 615 1109 693 temporis
1123 617 1213 676 ratio.

108 713 171 764 nem
198 694 420 776 comparandis
447 715 568 776 operans
600 695 836 772 collocaverant,
862 696 944 756 inter
972 717 1047 777 quos
1074 699 1213 778 inprimis

109 778 269 840 landandus
282 800 352 840 esso
367 779 489 842 videtur
504 779 651 841 Diodorus
663 781 803 840 Siculuse
823 801 921 842 noves
931 789 1029 842 temen
1045 782 1213 846 diluentu-

110 871 152 922 tes
166 875 284 924 exortae
295 875 392 944 sunt,
412 885 506 945 quum
521 875 593 946 post
606 865 676 925 Chr.
686 875 749 926 nst.
761 868 922 944 scriptores
935 867 1097 926 christiani
1110 889 1211 932 omnes

108 950 284 1027 populorum
298 969 351 1010 res
366 961 466 1029 gestas
486 950 524 1010 sd
542 950 781 1031 Chronologiam
792 951 947 1010 Bttttcam
959 954 1070 1014 reterre
1084 955 1212 1016 studue-

108 1043 193 1108 runt,
213 1055 273 1112 qus
293 1035 377 1095 duce
396 1056 557 1096 numerum
578 1055 726 1096 annorum
742 1056 836 1116 usque
857 1037 896 1096 ad
911 1038 1088 1098 creationem
1104 1041 1210 1102 mnndi

110 1119 241 1198 colligere
253 1141 346 1199 posce
359 1121 420 1180 sibi
431 1121 621 1184 videbantur.

189 1205 301 1264 omme
313 1207 397 1265 em'm
411 1218 516 1285 genter
530 1227 567 1266 ex
586 1207 689 1266 indole
704 1204 820 1284 generis
834 1203 958 1264 humani
966 1251 975 1282 ,
995 1206 1042 1266 uti
1054 1227 1143 1268 senex
1158 1208 1208 1268 iu-

107 1297 259 1350 ventutern
270 1291 415 1350 laudibus
433 1291 536 1368 effert,
558 1294 776 1371 antiquitatem
790 1311 873 1350 suem
893 1290 1031 1350 omnibus
1047 1293 1211 1354 virtutibus

109 1375 1211 1522 tatuitt”titttittttt'zttttmttttltttttt’

109 1563 219 1602 summa
234 1471 385 1604 teueilite
399 1558 527 1623 ornant,
552 1565 732 1624 aureamque
746 1505 871 1604 setsteni
887 1509 1045 1624 sliqusnilo
1058 1546 1139 1606 inter
1153 1507 1211 1607 ho:

107 1627 198 1688 mines
218 1631 316 1692 fuisse
340 1630 469 1709 fingunt.
513 1631 655 1712 Inprimis
669 1631 796 1690 laudant
814 1631 927 1710 primns
939 1629 1073 1690 homines
1090 1633 1211 1712 longee-

108 1733 159 1774 uos
178 1715 281 1792 luisse,
311 1725 344 1774 et
365 1716 482 1792 Graeci,
504 1715 593 1777 sicuti
622 1717 770 1796 Aegyptii,
792 1713 941 1790 Chaldaei,
964 1715 1135 1793 Phoenices,
1157 1740 1210 1777 oe·

108 1808 180 1855 teres
206 1801 291 1860 mille
316 1822 416 1860 minoe
435 1803 547 1860 viriere
563 1801 698 1862 trudunt.
747 1799 905 1880 (Iosephus
923 1801 1074 1880 Antiquit.
1097 1802 1209 1862 ludaic.

109 1881 218 1948 libr-l.
239 1906 307 1966 cap.
330 1889 351 1951 3
373 1886 402 1967 5.
420 1884 466 1966 9).
486 1917 530 1932 -
550 1887 671 1946 Praeter
682 1885 761 1946 hanc
778 1903 964 1946 communem
982 1886 1114 1945 indolem
1129 1909 1209 1965 pro-

107 1970 212 2044 prium
228 1971 348 2048 populo
378 1970 508 2028 ludaico
530 1971 656 2030 iuvenili
674 1969 806 2030 studium
821 1969 893 2046 luit,
915 1970 1011 2047 gentis
1024 1991 1094 2028 ause
1109 1979 1209 2030 ortum

110 2071 127 2108 a
145 2052 203 2131 piis
219 2053 494 2132 primogenitorum
517 2054 676 2134 nepotibus
697 2054 859 2129 deducere,
889 2063 924 2112 ut
949 2073 994 2130 se,
1016 2075 1033 2113 a
1055 2054 1126 2114 locs
1153 2075 1208 2116 suo

109 2137 311 2211 smstissimos,
329 2159 401 2217 prae
417 2139 554 2198 omnibus
568 2149 664 2198 terrse
679 2137 801 2219 populis
814 2147 1007 2202 ostentarent.
1034 2139 1113 2198 Hinc
1125 2160 1209 2200 sum·

109 2241 155 2280 rna
178 2243 247 2284 cum
271 2223 426 2300 diligentia
444 2225 661 2303 Genealogiam
676 2223 824 2284 maiorum
845 2223 1039 2284 effinxerunt:
1059 2244 1209 2304 quumque

111 2315 236 2368 eaetmae
259 2315 363 2387 gentes
389 2309 423 2368 in
444 2309 636 2388 universum,
657 2317 771 2369 veteres
787 2309 869 2368 mille
882 2329 975 2368 annos
988 2309 1116 2382 vixisse,
1137 2331 1210 2370 ner·

109 2403 218 2470 ment,
244 2392 347 2454 ludaei
367 2393 500 2472 singulos
525 2395 735 2471 nominarunt,
759 2403 788 2452 et
808 2393 995 2472 cingulorum
1017 2413 1111 2454 ennon
1132 2395 1210 2454 vitus

109 2479 279 2539 accuratius
303 2475 501 2556 definierunt,
522 2489 559 2540 ut
581 2480 754 2538 continuem
770 2479 874 2538 seriem
890 2487 920 2536 et
932 2477 1089 2538 hominum
1105 2489 1135 2539 et
1154 2501 1210 2540 sn-

108 2579 214 2623 norum
229 2584 413 2644 componere
427 2573 558 2643 possent,
581 2585 687 2643 quaes
701 2563 867 2643 praesentis
882 2571 964 2624 recta
979 2561 1060 2622 lines
1072 2563 1111 2622 ad
1123 2567 1210 2642 prin-

114 2647 219 2726 cipium
239 2668 343 2708 rerum
368 2649 577 2725 adscenderet,
600 2651 715 2728 ecpioe
727 2647 940 2728 primogenitos
956 2647 1054 2726 gentis
1071 2647 1210 2710 Iudaicae

112 2740 250 2790 sudores
265 2752 326 2792 esse
342 2733 560 2810 comprobaret.
591 2734 678 2794 Hanc
692 2733 922 2812 Chronologiam
936 2731 1116 2793 ludaeorum
1131 2733 1211 2794 scri·

108 2823 207 2894 ptores
230 2813 389 2873 christimi
403 2834 466 2872 non
479 2838 497 2870 a
509 2817 636 2880 iuvenili
649 2827 736 2890 gente
749 2817 865 2892 ficum,
886 2817 940 2876 eed
958 2837 975 2875 e
989 2837 1024 2876 re
1036 2837 1109 2876 vers
1123 2837 1211 2878 cons-

108 2901 235 2978 positam
265 2898 315 2958 rel
337 2918 354 2955 a
373 2898 433 2956 Deo
448 2897 513 2976 ipso
527 2897 704 2977 inspiratam
718 2917 780 2958 esse
797 2907 1000 2976 censuerunt,
1016 2901 1097 2961 unde
1113 2911 1144 2962 et
1156 2923 1209 2982 po·

107 2985 212 3063 pulum
222 2981 380 3042 Iudaicum
393 2991 544 3060 tamquam
558 2982 707 3062 populum
721 2983 775 3042 Dei
788 2981 919 3062 primum
935 2984 1070 3044 omnium
1083 2995 1210 3064 ponunt,

111 3089 144 3128 sc
157 3078 341 3128 csetmernm
359 3069 495 3148 gentium
511 3085 559 3128 rss
571 3075 668 3146 gestas
681 3067 810 3128 ludricis
823 3077 974 3148 tamquam
990 3068 1142 3130 sddititias
1158 3071 1210 3131 in·

191 3239 310 3298 Primus
326 3235 564 3298 christianornm
576 3235 616 3298 sd
627 3236 707 3298 hanc
716 3237 864 3298 rationem
873 3235 1113 3314 chronologicnn
1128 3237 1209 3298 scri-

109 3323 169 3402 psit
181 3323 287 3382 Iula'ue
299 3321 490 3400 Africanus,
512 3322 750 3382 accuratissimus
765 3332 932 3403 temporum
949 3323 1139 3394 observator,
1164 3321 1209 3382 uti

109 3407 252 3488 Iosephus
276 3407 407 3486 Scaliger
423 3406 529 3468 merito
546 3428 614 3468 enm
628 3407 748 3482 laudnt,
769 3409 824 3467 snb
838 3408 1016 3488 imperstore
1031 3407 1071 3468 ll.
1087 3405 1208 3466 Aurelio

108 3493 261 3554 Antonino
268 3492 472 3570 Heliogabalo,
491 3493 670 3573 Olympisds
684 3495 757 3570 260,
776 3493 869 3553 Grato
881 3493 1042 3552 Severiano
1058 3501 1088 3550 et
1103 3491 1209 3550 Seleu-

110 3599 145 3637 co
162 3599 246 3654 coss,
269 3598 346 3637 anno
360 3577 467 3636 mnndi
477 3579 561 3644 6723
572 3578 593 3638 i.
602 3597 628 3638 e.
643 3581 715 3644 228.
732 3586 803 3656 post
810 3577 879 3639 Chr.
886 3585 973 3642 nete
986 3577 1209 3656 computatione

108 3663 259 3739 Africani,
281 3673 334 3724 sut
347 3663 373 3722 si
387 3663 562 3741 Dionysium
576 3663 729 3740 Abbstem,
752 3683 839 3742 quem
854 3663 1000 3742 Exiguum
1025 3659 1141 3738 dicunt,
1163 3677 1209 3718 se-

110 3749 161 3827 qui
181 3749 286 3826 malis,
306 3757 458 3808 auctorem
479 3746 738 3808 nostreerrtionis
758 3767 852 3806 nnnos
867 3745 1083 3827 competendi,
1104 3766 1130 3804 a.
1145 3745 1208 3808 221

109 3843 176 3912 pest
189 3832 260 3894 Chr.
279 3831 436 3914 (Georgius
447 3833 604 3912 syncellus
618 3835 766 3912 psg.107,
782 3838 846 3900 ult
859 3835 976 3909 erute,
989 3829 1107 3891 Eusebii
1115 3825 1210 3886 Chro.

111 3917 248 3978 nicornm
267 3917 339 3980 libr.
352 3917 392 3978 ll.
407 3938 424 3976 e
442 3915 580 3978 terrione
594 3917 687 3977 latine
705 3916 882 3996 Hieronymi
897 3937 965 3997 pag.
982 3917 1060 3987 1733
1089 3909 1209 3990 losephi

112 4003 249 4082 Scsligeri
264 4003 473 4064 Animadvers.
489 4001 523 4062 in
541 4000 683 4062 Chronol.
696 4001 805 4061 Euseb.
822 4021 890 4082 psg.
903 3997 990 4082 212).
1016 3997 1129 4060 Nomen
1144 3993 1209 4056 eius

111 4085 276 4166 signiticars
305 4089 448 4164 videtur,
475 4105 543 4147 enm
569 4087 603 4148 in
627 4085 730 4148 Africa
750 4095 854 4146 netum
874 4105 945 4147 esse.
986 4083 1023 4140 ln
1042 4079 1210 4142 Palaestina

111 4169 269 4235 habitarit:
292 4173 409 4253 legetur
432 4169 513 4234 enim
529 4171 588 4232 fuit
603 4171 797 4252 Nicopoleos,
818 4169 903 4230 urhis
920 4163 1116 4235 Pslsestinse,
1139 4163 1209 4226 loco

112 4257 294 4320 Emnsuntis
305 4257 370 4319 rici
388 4256 497 4340 (Lucos
510 4276 575 4337 cap.
591 4256 634 4323 Μ
648 4276 679 4318 v.
697 4253 749 4337 13)
766 4255 913 4328 conditer,
935 4249 975 4310 sd
986 4247 1210 4345 Imperatorem,

113 4363 196 4422 quem
216 4345 365 4410 Eusebius
387 4340 567 4420 (secundum
581 4339 749 4434 rmsionem
770 4341 894 4401 latinum
912 4329 1100 4414 utnonymt)
1117 4331 1212 4392 Anto·
