2860 4714
421 379 481 446 ET
502 369 859 452 ANNOTATIONES.
1085 377 1162 452 849
1288 391 1290 399 '

68 539 225 608 thessmna.
269 538 356 601 Haec
376 559 468 620 pono
485 541 577 600 verbs
597 535 674 604 οιοινολ
692 535 748 605 νῦν
769 537 901 622 nutando
919 536 1012 626 λόγον
1021 537 1161 626 hinniun-

68 631 120 690 νοῦ
134 619 295 706 Xyisnder
315 625 443 686 cedreni
463 625 614 705 interpres
632 627 789 706 exposuit,
814 631 848 688 in
866 631 1008 688 natarali
1026 635 1161 692 oratione

67 711 172 770 author
189 722 256 770 eat:
277 721 308 771 at
325 731 387 771 non
403 711 467 792 ipss
482 710 616 770 reddidit
632 707 707 774 οιοιοολ
722 709 772 776 τὸν
791 711 919 791 φυσικὸν
936 710 1035 800 λόγον.

147 818 211 878 Τοῦ
225 810 259 876 di
271 809 366 888 Evoic
379 807 449 892 iat]
463 813 544 873 Enoe
558 835 575 872 a
589 813 701 873 mundo
716 814 838 874 condito
850 817 984 876 nascitur
995 837 1073 876 anno
1087 817 1160 886 435.

68 899 99 960 sd
109 899 243 980 primum
258 899 360 979 itaque
374 901 444 966 532
463 916 611 958 annorum
627 899 775 959 circulum
792 901 848 958 soli
864 907 913 967 97,
931 904 1118 962 numerandi.

145 990 194 1068 Τῷ
219 983 418 1069 ἑξακοσιοστῷ
439 984 519 1063 ἔτει]
542 985 623 1043 Haec
644 987 745 1043 eedem
768 985 920 1044 Cedrenus
944 987 1084 1048 editionis
1104 989 1161 1048 Re-

66 1071 122 1148 giae
140 1069 251 1150 pagina
268 1077 350 1135 9.ex
367 1089 426 1148 qno
443 1091 518 1149 quae
539 1068 591 1129 hic
611 1069 720 1130 denunt
738 1080 866 1152 possunt
881 1071 997 1152 repeti,
1026 1094 1044 1131 a
1064 1073 1161 1152 nobis,
1212 1133 1226 1160 ,

65 1157 139 1235 quod
156 1154 335 1236 apocrypha
354 1155 433 1230 sint,
456 1155 646 1216 omittuntur.

141 1259 212 1336 Pag-
226 1261 276 1323 11.
297 1257 519 1338 Πληροιθίντος
534 1249 591 1320 οὖν
604 1256 766 1338 insaniori]
774 1256 950 1332 Quodanno
964 1257 1161 1340 praecedente

63 1344 190 1422 graviter
201 1343 362 1404 admodum
371 1343 476 1420 laesus,
491 1343 668 1403 succedente
683 1343 798 1404 obierit.
829 1343 883 1403 Vel
898 1345 1038 1420 dictione,
1051 1343 1125 1407 τέθν
1148 1383 1160 1396 ·
1229 1381 1234 1390 ·
1253 1395 1257 1404 .

62 1453 125 1506 κεν,
148 1437 304 1507 expuncta
323 1449 448 1507 sequeus
464 1428 606 1509 pericope
618 1428 659 1486 ito
677 1427 852 1490 deducatur.
875 1429 1088 1512 πληρωθέντος
1102 1453 1160 1494 ουν
1283 1469 1285 1476 ι

61 1513 199 1578 ἐνιαυτοῦ
216 1509 289 1594 μετὰ
304 1508 358 1576 νῦν
370 1507 507 1576 θάνατον
521 1519 577 1574 τοῦ
589 1508 682 1591 'Adeiu
695 1509 768 1592 Σοξθ
782 1508 992 1594 ἦγεμόνουσεν.

140 1615 205 1678 Καὶ
219 1614 383 1697 ἐγέννησαν
402 1611 474 1690 τοῦς
498 1613 668 1698 strennua]
692 1614 775 1688 Quae
788 1612 839 1674 hic
859 1614 1067 1678 desiderantur
1082 1637 1158 1700 sup·

59 1701 119 1781 plet
133 1701 297 1762 cedrenus.

146 1807 210 1866 Τοῦ
221 1797 345 1884 nodeca
361 1803 479 1884 βιβλίον
491 1795 608 1884 Ἐνοῦχ.]
631 1803 673 1862 De
686 1801 764 1864 libro
780 1798 886 1860 Enoch
902 1801 1039 1862 scribunt
1055 1823 1094 1862 ex
1106 1825 1158 1864 sn.

59 1889 148 1968 tiquis
167 1890 224 1950 PP.
242 1890 460 1964 Tertullianus,
484 1891 644 1968 Origenes,
664 1889 883 1967 Hieronymus,
905 1897 935 1946 et
954 1887 1158 1966 Augustianos

60 1995 116 2052 qua
133 1973 315 2036 authoritate
330 1975 444 2054 polleat
459 1968 492 2034 ih
508 1975 641 2035 Ecclesia
654 1983 779 2034 nonant
801 1972 979 2052 interpretes
992 1974 1029 2032 iu
1045 1969 1173 2054 episto-⁸

59 2059 118 2118 lam
135 2060 244 2138 Iudae,
268 2060 446 2120 Possevinna
461 2061 493 2120 in
507 2070 668 2140 apparatu,
691 2067 721 2118 et
736 2058 874 2118 Peterius
896 2057 930 2118 in
949 2059 1085 2120 Genesim
1099 2059 1159 2120 dis·

58 2155 150 2224 putat.
169 2145 208 2205 de
223 2145 419 2206 translatione
434 2155 463 2205 et
476 2146 596 2224 acriptis
611 2143 726 2206 Enoch.

137 2240 281 2327 Eunaia]
301 2246 448 2306 Hebraico
469 2262 559 2334 μην]
577 2269 595 2306 a
616 2245 717 2307 radice
743 2258 816 2330 [πῃ
839 2245 974 2308 Hilarius
995 2247 1028 2306 in
1048 2248 1156 2307 Psalm.
1285 2319 1294 2334 ιη

58 2333 125 2398 182.
169 2333 310 2390 Hermon
323 2353 409 2390 mone
430 2343 472 2390 eat
494 2336 528 2390 in
541 2333 705 2407 Phoenice,
727 2336 819 2390 cuiue
839 2336 1048 2412 interpretatio
1064 2333 1159 2393 Ana-

58 2417 155 2474 tluma
177 2428 237 2474 est:
268 2415 354 2497 quod
373 2420 454 2475 enim
477 2417 566 2474 nobi-a
595 2417 771 2476 Anathema
790 2429 1003 2496 nuncupatur,
1034 2417 1070 2476 id
1091 2421 1159 2477 He-
1283 2421 1289 2442 '

56 2502 154 2560 braine
167 2503 306 2561 Hermon
323 2501 448 2564 dicitur.
492 2503 602 2561 Fertur
621 2499 794 2573 autemid,
816 2499 925 2581 dequo
943 2507 1036 2562 etiam
1057 2507 1158 2562 neacio

57 2589 145 2645 caius
166 2587 245 2645 liber
265 2597 365 2663 extat,
391 2585 477 2668 quod
488 2589 604 2668 Angeli
624 2589 865 2668 concupiscentes
877 2585 969 2664 filias
989 2589 1157 2664 hominnm,

59 2692 128 2728 cum
143 2671 179 2729 de
204 2674 287 2732 caelo
307 2671 531 2750 descenderent,
560 2677 595 2733 in
611 2674 695 2733 hunc
711 2682 842 2732 montem
862 2675 993 2732 maxime
1012 2676 1165 2733 conveni·-

56 2767 122 2814 rent
130 2759 285 2818 excelsum.

137 2843 207 2920 1³⁸3·
226 2850 275 2909 12.
292 2839 452 2924 Φαρμοοιός
468 2843 603 2920 ἐδίδαξεν
614 2838 830 2926 aequantia]
847 2841 1050 2902 Tertullianus
1065 2839 1156 2901 huins

57 2926 207 3006 opinionis
225 2937 356 2988 sectator
371 2929 494 3008 Apolog.
509 2951 576 3012 cap.
591 2930 643 2994 35.
687 2927 805 2986 Eadem
819 2929 926 3006 officia
940 2925 1114 3008 dependunt
1128 2937 1156 2986 et

56 3016 110 3091 qui
123 3013 307 3093 Astrologoe
329 3023 356 3072 et
375 3018 532 3094 aruspices
553 3025 582 3073 et
601 3033 735 3093 augures
751 3024 779 3072 et
801 3033 912 3092 magos·
930 3010 967 3072 ds
987 3013 1156 3073 Caesarum

56 3100 153 3177 capite
167 3099 363 3161 consultant:
386 3121 464 3179 quae
484 3111 565 3159 artes
582 3111 618 3157 ut
638 3099 678 3157 ab
693 3099 821 3180 Angelis
835 3097 1036 3159 desertoribus
1046 3097 1154 3179 prodi-

53 3271 157 3329 atiani.

134 3348 379 3436 'AlornononiauJ
397 3354 444 3415 An
459 3349 680 3438 α’στροσοιοπλον
692 3355 771 3432 legas
782 3353 949 3418 incertum:
971 3354 1045 3414 haec
1059 3361 1155 3414 astro-
1216 3404 1220 3410 .

53 3457 117 3498 rum
140 3442 372 3520 contemplatio,
395 3441 448 3502 ills
472 3441 622 3503 nouorum
642 3459 767 3518 emaus,
789 3449 819 3500 et
839 3451 937 3522 prout
957 3451 1047 3504 vocat
1063 3441 1154 3502 Poeta

53 3525 162 3585 Lunae
175 3525 454 3605 Solisquelaboreo.
718 3561 723 3570 ·

132 3612 204 3689 Pag.
216 3614 264 3676 18.
274 3613 415 3692 Ζωοίμοο
430 3610 666 3690 anconitana]
675 3611 789 3672 Suidaa.
801 3604 1155 3720 ΖοὶσοβοςἈλεξοινδρεῦς

54 3692 221 3773 φιλόσοφος
238 3692 402 3776 musonius?
422 3693 499 3780 ποῦς
514 3699 679 3778 Θεοσιβίαν
699 3693 755 3778 τήν
773 3691 908 3776 sidetana
929 3697 1070 3779 ἔγραψεν.
1094 3693 1160 3756 ἔστι

55 3778 83 3842 di
96 3777 179 3843 nursi
198 3787 345 3862 στοιχεῖον
360 3782 392 3845 ἐν
406 3784 534 3864 βιβλίοις
554 3777 611 3864 κη’.
628 3778 839 3864 ῦπογροὶφινοιι
855 3779 888 3846 di
902 3779 966 3844 v‘no'
979 3803 1071 3844 τινων
1085 3782 1156 3838 Χει-

54 3860 203 3946 ρόκμητα,
224 3865 277 3928 κοιλ
299 3863 497 3942 ὁΠλάιωνος
521 3869 596 3948 βίος.
639 3869 783 3927 Zosimus
793 3863 1026 3928 Alexandrinae
1042 3861 1156 3924 Philo-
1184 3911 1187 3916 .

54 3952 167 4030 sophus
182 3949 220 4008 de
242 3951 372 4030 Chymia
393 3951 438 4011 ad
456 3954 651 4012 Tleeoaebiam
670 3975 802 4012 aororem
821 3954 963 4031 scripsit:
989 3961 1033 4009 eet
1052 3957 1155 4006 autern

52 4055 126 4114 opus
143 4034 236 4095 tibris
250 4043 303 4104 28.
322 4037 489 4118 digestum,
513 4051 574 4098 eta
593 4037 777 4119 quibuedam
793 4037 1000 4107 claremaus,
1023 4044 1051 4093 et
1071 4031 1155 4091 Pla-

53 4125 130 4180 tonis
147 4124 218 4182 vita
233 4123 423 4186 inscribitur.
468 4125 511 4184 De
528 4125 675 4206 Panopoli
695 4125 757 4183 eius
773 4122 869 4203 patria
888 4122 983 4181 tradit
999 4118 1153 4198 Originem

51 4203 194 4267 Eusebius
210 4207 248 4268 de
263 4209 402 4290 Praepar.
419 4209 560 4290 Evangel.
576 4210 654 4270 libro
669 4208 759 4270 tertio
774 4209 872 4287 capite
888 4209 918 4273 3.

131 4293 201 4371 Peg·
217 4293 268 4358 14.
278 4293 393 4374 Χῆμα]
405 4295 509 4354 Utrum
521 4297 629 4376 χημελοι
640 4295 690 4355 vel
700 4293 806 4374 χοιμελα
816 4290 1016 4368 scribendam,
1025 4287 1152 4349 discutit
1234 4287 1237 4294 '

50 4376 169 4455 prolixa
177 4379 314 4442 Andreas
325 4380 469 4442 Libnvius
483 4381 618 4444 Medicus
626 4382 818 4463 syntagmate
830 4379 868 4440 de
881 4375 1056 4458 Alchymiae
1069 4395 1150 4435 arca-

55 3193 104 3240 tas
119 3195 146 3241 et
166 3206 189 3242 a
204 3187 272 3242 Deo
292 3186 490 3264 interdictas,
511 3207 548 3245 ns
560 3188 627 3244 οιιὶο
640 3183 763 3265 quidem
783 3186 887 3242 causis
905 3182 1050 3244 adluderet
1066 3185 1155 3244 Cleri·
1278 3233 1280 3238 .
