2960 4716
311 373 361 446 dd
795 373 934 446 cosm

312 537 373 600 lroc
388 535 507 617 Georgii
525 553 601 617 opus
623 553 710 597 nemo
732 536 848 616 sepiem
865 529 1043 610 affirmabit,
1065 531 1118 595 sed
1137 534 1203 612 vel,
1223 545 1261 596 ut
1280 537 1409 617 prodiit,

312 623 439 684 haesisse
448 623 671 704 imperfectum,
694 620 744 682 vel
755 618 1016 700 calligraphoruua
1030 618 1212 679 iecinoribus
1226 621 1312 680 foede
1325 641 1411 682 men·

314 709 418 770 darum
432 708 519 788 copie
533 707 625 767 leuse
635 723 812 788 respersum.
855 704 936 764 lieec
950 703 1069 764 abunde
1083 704 1121 763 de
1134 704 1267 782 syncelli
1281 727 1411 786 persone

312 802 342 851 et
357 811 462 874 opere:
484 791 565 872 qnod
580 810 672 872 porro
694 790 752 852 fuit
766 791 862 852 eidem
876 789 975 870 operis
989 789 1077 848 istius
1098 789 1297 870 suscipiendi,
1317 791 1345 851 ei
1361 801 1413 850 tu·¹

312 897 380 938 men
397 895 554 957 assequor,
575 875 754 955 consilium,
774 895 840 957 que
852 893 910 957 psr
926 883 972 934 est
989 871 1137 934 brevitate
1151 875 1287 955 sequitur
1304 873 1412 937 deols-

309 961 448 1023 randum.

394 1063 466 1123 Fuit
484 1067 580 1122 entem
602 1059 680 1122 illud
701 1060 958 1144 summioribus,
979 1059 1041 1120 imo
1062 1055 1303 1138 Chronogreplsis
1329 1075 1412 1117 eun·

310 1149 367 1208 ctis
394 1167 552 1206 commune
575 1145 779 1227 propositum,
819 1154 868 1222 ut,
904 1139 981 1208 need
1008 1141 1041 1208 td
1071 1136 1213 1222 ἐφικτόν,
1242 1163 1280 1202 er
1307 1141 1412 1202 intimi

205 1305 212 1324 ,ἶ
310 1227 500 1314 Theophanis
514 1234 659 1292 sententia
667 1274 676 1308 ,
698 1231 736 1290 ad
747 1231 891 1312 temporie
907 1245 1075 1290 mensuram
1088 1239 1118 1286 ct
1135 1227 1293 1287 intervalla
1304 1244 1413 1287 rerum

309 1317 346 1376 ab
363 1319 442 1378 orbis
457 1316 584 1376 conditu
594 1316 632 1375 ed
648 1324 773 1375 aetatem
787 1335 881 1395 usque
895 1335 978 1374 suam
993 1323 1141 1394 gesturum
1157 1311 1413 1392 compendiariam
1466 1333 1467 1372 l

308 1403 477 1464 institueret
491 1401 735 1480 descriptionem:
756 1400 910 1480 privatum
931 1417 1021 1474 vero,
1044 1405 1079 1457 ut
1092 1407 1263 1478 temporum
1276 1397 1412 1457 rationi·
1466 1389 1467 1454 l

307 1487 364 1546 bus
380 1489 418 1546 ad
438 1486 655 1545 exactissimum
674 1501 817 1544 canonem
833 1485 996 1559 revocatis,
1018 1482 1194 1560 cunctisque
1211 1483 1291 1543 orbis
1310 1481 1412 1540 totius

308 1571 512 1652 Principibus,
542 1575 572 1628 et
594 1571 775 1630 nobiliorum
795 1570 993 1629 Ecclesierum
1008 1567 1199 1627 Praesulibus
1217 1567 1255 1626 ad
1273 1567 1413 1625 aetatum

309 1675 431 1716 suarum
453 1655 535 1714 sedes
551 1655 720 1735 dispositis,
742 1664 925 1714 servatorem
947 1671 1052 1713 verum
1072 1652 1125 1710 llei
1143 1651 1256 1724 illium,
1278 1651 1413 1730 expletis

308 1739 345 1798 ab
360 1741 430 1800 orbe
445 1741 544 1820 posito
558 1741 644 1798 annis
663 1740 755 1806 5500.
772 1748 802 1798 et
814 1739 937 1798 ineunte
950 1739 1042 1803 5501.
1055 1735 1165 1794 mensis
1181 1735 1271 1816 primi
1284 1745 1314 1794 et
1330 1733 1413 1794 heb-

308 1823 443 1884 domadis
454 1824 503 1884 die
517 1824 624 1904 primo,
638 1833 750 1883 secreto
763 1821 796 1882 in
804 1823 912 1883 Mariae
921 1821 1053 1900 Virginis
1066 1829 1186 1880 uterum
1196 1821 1314 1900 illapsu,
1325 1839 1413 1879 mor-

307 1909 418 1969 talibus
435 1907 577 1968 indutum
597 1909 704 1968 exums
725 1927 826 1988 parem
844 1927 914 1968 cum
928 1905 1136 1988 peccatoribus
1148 1914 1286 1964 iacturam
1303 1904 1411 1964 divino

308 1994 425 2054 foedere
442 1993 497 2053 sibi
510 1993 700 2054 coniunxisse
715 1991 942 2054 demonstraret.
976 1991 1019 2050 Ea
1032 2009 1123 2071 porro
1138 1988 1256 2048 numeri
1270 2009 1411 2048 mensura

309 2091 376 2138 cunr
388 2079 529 2138 Africano
544 2099 680 2154 concors,
702 2077 807 2137 mediis
820 2087 917 2136 autem
932 2075 1098 2135 intervallis
1111 2091 1326 2152 nonuunquam
1342 2073 1412 2132 dis-

307 2163 423 2240 sidens,
444 2163 618 2222 Airicanum
633 2162 665 2220 in
678 2162 828 2242 plerisque
842 2169 1013 2242 oppugnat:
1034 2159 1187 2240 inprimis
1213 2167 1311 2218 autem
1330 2155 1412 2216 Eth-

306 2247 409 2306 nicum
423 2246 501 2306 illud
519 2248 692 2326 opinatum,
712 2267 770 2325 quo
789 2255 858 2306 ente
874 2243 986 2305 Christi
999 2245 1032 2303 in
1046 2253 1140 2304 terres
1156 2245 1319 2302 adventum
1340 2261 1413 2322 my-

305 2329 404 2389 riades
421 2351 568 2391 annorum
579 2333 726 2412 plurimes
748 2339 920 2391 statuuntur
935 2329 1167 2411 praeterlapsae,
1193 2342 1250 2386 ceu
1264 2325 1335 2385 fidei
1352 2347 1413 2410 po-

307 2413 438 2494 sitaeque
452 2435 599 2476 annorum
611 2435 743 2476 summae
753 2435 931 2496 repugnans,
952 2413 1045 2473 animi
1060 2413 1191 2492 stylique
1204 2429 1317 2472 summa
1330 2431 1412 2470 con-

305 2499 439 2560 tentione
452 2499 510 2560 sibi
521 2501 667 2581 proponit
682 2501 891 2560 evertendum:
912 2499 987 2575 hoc,
1008 2499 1146 2578 inquom,
1168 2495 1295 2556 consilio
1314 2493 1412 2555 Bero-

307 2603 373 2642 sum
395 2582 622 2646 chaldaicarum
642 2605 744 2646 rernm
765 2583 909 2662 origines,
939 2591 969 2642 ct
982 2579 1190 2642 Manethonem
1208 2579 1411 2659 Aegyptiacae

305 2669 496 2748 antiquitates
513 2679 759 2752 prosequentem,
780 2668 987 2728 Alexandrum
1001 2666 1219 2746 Polyhistorem
1236 2672 1267 2723 et
1284 2663 1413 2743 Abyde-

305 2769 470 2815 nunrnove
486 2765 516 2814 et
530 2755 664 2815 inaudite
684 2755 764 2814 circs
780 2753 890 2812 diluvii
904 2761 1045 2814 eventum
1062 2749 1320 2810 comminiscentes
1337 2751 1412 2808 ani-

305 2853 374 2912 mo,
395 2859 544 2899 annorum
567 2839 716 2920 myriadas
739 2839 775 2898 nb
799 2837 840 2898 eis
854 2837 957 2913 fictos,
980 2836 1176 2910 excogitatam
1195 2849 1313 2916 quoque
1335 2843 1412 2894 ante

305 2919 453 2979 diluvium
469 2920 514 3004 Μ)
537 2921 626 3004 (quae
645 2945 664 2983 a
686 2921 826 2996 scaligeri
838 2921 957 2997 scriptis
971 2919 1053 2975 haud
1070 2911 1225 2998 abhorret)
1242 2914 1412 2994 Babylonis

303 3001 733 3080 substructionem,inanesque
741 3001 778 3061 de
785 3001 959 3062 animalibus
967 2998 1306 3081 Oanne²⁶),Annedoto,
1313 3000 1411 3062 Omo-

303 3105 376 3148 roca
405 3087 585 3165 caeterisque
612 3085 760 3167 portentis
780 3087 914 3163 fabulas,
950 3105 1010 3165 quo
1042 3095 1143 3166 potest
1162 3093 1409 3164 argumentorum

303 3169 412 3232 robore
425 3171 597 3252 propulset,
619 3177 650 3231 et
662 3171 771 3230 erroris
783 3169 894 3231 vitium
908 3173 973 3232 veri
995 3171 1110 3231 medela
1134 3171 1278 3249 castigare
1292 3171 1410 3233 studet.

303 3255 476 3316 Africanum
484 3255 592 3316 deinde
604 3251 703 3340 (cuius
716 3255 856 3315 asseclam
863 3253 1059 3316 Alexandrini
1074 3253 1215 3314 Chronici
1237 3263 1345 3314 auctor
1356 3250 1408 3340 ¹⁷)

304 3359 336 3398 se
345 3337 489 3419 praebet),
498 3341 648 3400 communi
654 3345 696 3406 70
709 3339 907 3422 interpretum
914 3341 1031 3401 calculo
1043 3339 1191 3401 diluvium
1200 3337 1350 3419 posterius
1360 3361 1409 3399 as.
1466 3377 1467 3380 =

303 3422 468 3500 signantem
482 3421 545 3506 Ξ”);
566 3425 790 3506 praetermisso,
810 3445 899 3504 quem
911 3427 1007 3484 Lucas
1026 3423 1059 3484 in
1079 3423 1231 3501 evangelio
1248 3434 1407 3501 memorat,

304 3507 418 3566 lisinam
431 3509 582 3582 secundo,
605 3511 728 3590 eiusque
740 3509 827 3568 annis
838 3510 962 3590 proprio
975 3509 1114 3585 resectis,
1138 3507 1196 3568 alio
1210 3506 1408 3587 Chronogra-

259 3665 261 3670 Ι
302 3589 392 3672 phiae
404 3591 473 3650 loco
489 3613 550 3651 non
564 3593 678 3654 debitos
686 3596 862 3654 inserentem
875 3615 985 3671 ennos3
1000 3593 1095 3674 Ogygi
1102 3591 1148 3676 ὀ)
1162 3602 1317 3674 praeterea
1323 3594 1407 3654 Deu-

303 3675 485 3756 calionisque
493 3674 537 3757 ⁸⁰)
552 3677 665 3739 diluvia
673 3680 771 3759 spatio
785 3701 874 3759 quam
885 3679 988 3740 dissita
1000 3677 1034 3738 in
1044 3679 1124 3742 idem
1134 3689 1252 3758 tempus
1258 3695 1408 3738 revocem.

303 3767 382 3838 tem,
404 3767 469 3821 tum
483 3759 719 3842 Phylarclaarum
738 3763 828 3824 leoob
844 3765 975 3826 filiorum
991 3765 1104 3824 nstales
1119 3763 1183 3823 dies
1200 3763 1233 3822 in
1248 3761 1407 3842 nequiores

302 3845 455 3925 terminos,
464 3845 644 3928 'Assyriique
657 3849 741 3928 regni
760 3851 918 3909 exordium
932 3869 970 3908 ex
984 3869 1079 3930 pravo
1090 3847 1206 3908 calculo
1220 3848 1407 3908 transferen-

301 3935 363 3989 tem
378 3929 447 3990 falsi
460 3933 632 3993 convictum
646 3930 706 4018 *Ἲς
729 3933 856 3994 adhaec
875 3935 993 3994 Abdoni
1014 3934 1109 3994 iudici
1123 3930 1166 4013 ¹⁸)
1182 3951 1277 3992 annos
1293 3931 1407 4010 viginti

304 4017 390 4076 textu
403 4035 486 4075 sacro
494 4017 659 4079 reluctante
668 4039 834 4094 concessos,
849 4019 1071 4080 etadSedeciae
1084 4037 1195 4080 mnam
1204 4017 1338 4098 primum
1346 4019 1406 4077 Ba·
1466 4075 1467 4078 ,

334 4183 461 4266 sung.
477 4193 511 4251 14
531 4203 644 4268 seqq.
692 4199 915 4272 rongese
932 4217 1006 4272 seqq.
1057 4199 1105 4267 rr)
1121 4181 1240 4269 ragno
1275 4197 1403 4266 aestus
1466 4167 1467 4260 J

368 4267 455 4398 {isti
456 4265 564 4402 :gisi19
578 4269 712 4392 ἓξὲξ
724 4271 768 4326 los
819 4271 943 4342 Rostag.
956 4271 1008 4326 too
1030 4275 1142 4340 etseqq.
1192 4265 1242 4338 di)
1258 4265 1404 4338 Pas-165.
1466 4349 1467 4384 ἶ
