2960 4716
250 365 298 438 10
626 371 668 442 G.
690 373 734 442 G.
755 365 963 444 Bennovn

249 529 331 622 ,sysp'
351 541 449 592 mutas
473 549 509 590 ao
525 531 707 612 trasssponis.
749 533 878 594 Textunr
899 553 971 594 vero
990 551 1128 611 maecum
1149 531 1347 613 depravatum

248 641 326 694 esse,
349 617 511 678 clarissime
524 617 614 678 docet
625 619 723 680 verrio
742 619 837 680 latins
852 618 1046 700 Hieronymi,
1067 619 1100 678 in
1116 639 1174 699 qua
1189 619 1275 698 longe
1291 617 1345 680 di-

248 725 333 766 versa
352 705 493 782 leguntur
504 723 534 784 p.
551 705 628 769 158:

289 791 530 868 „computantur
542 788 575 846 in
587 797 772 868 praesentem
784 809 912 867 annum,
934 789 966 850 id
981 797 1026 850 est
1042 789 1182 868 quintum
1196 787 1347 848 decimum

330 875 441 934 Tiberii
456 874 586 934 Caesaris

289 960 316 1021 A
336 959 467 1020 secundo
489 977 566 1019 anno
585 958 811 1020 instaurationis
825 959 957 1040 Templi,
981 979 1057 1040 quas
1076 960 1155 1020 facta
1169 958 1281 1019 estsub
1298 959 1347 1018 sl-

329 1055 394 1108 tero
412 1063 490 1104 enno
504 1044 586 1104 ilarii
599 1045 676 1122 regia
691 1046 847 1104 Persarum
878 1087 1144 1106 ......
1164 1045 1236 1107 anni
1251 1045 1325 1114 548.

288 1129 315 1192 A
332 1131 489 1190 Salomone
505 1139 648 1188 autemst
665 1130 869 1190 aedificatione
885 1131 1002 1212 Templi
1035 1171 1044 1191 .
1087 1171 1095 1190 .
1138 1175 1146 1192 .
1188 1151 1214 1190 a.
1232 1135 1325 1198 1060.

287 1217 317 1276 A
329 1216 430 1294 Moyse
445 1225 475 1274 et
489 1235 605 1294 egressu
622 1215 741 1276 israelis
754 1236 792 1276 ex
804 1217 940 1295 Aegypto
985 1259 992 1276 .
1037 1260 1045 1276 .
1089 1260 1097 1276 .
1140 1259 1148 1276 .
1191 1236 1216 1278 a.
1232 1217 1324 1282 1538·

287 1301 335 1360 Ab
346 1300 496 1360 Abraham
512 1310 544 1362 et
561 1301 662 1379 Regno
677 1301 748 1360 Nini
763 1311 793 1362 et
807 1301 1007 1364 Semiramidis
1035 1343 1044 1362 .
1087 1341 1096 1360 ·
1139 1343 1147 1363 .
1189 1321 1216 1360 a.
1231 1299 1326 1368 2044.

286 1386 314 1446 A
328 1387 450 1446 Diluvio
462 1406 556 1464 usque
568 1387 606 1446 ad
620 1385 770 1448 Abraham
826 1429 1145 1450 .......
1210 1407 1236 1448 s.
1252 1387 1326 1450 942·

288 1469 334 1530 Ab
349 1471 442 1530 Adsm
460 1491 553 1550 usqne
567 1471 605 1530 sd
622 1472 775 1532 Diluvium
832 1515 1149 1534 .......
1188 1493 1217 1532 a.
1231 1471 1350 1538 2242?

247 1556 356 1616 Tribus
365 1557 479 1616 siltimie
492 1557 624 1618 numeris
633 1557 814 1638 computatis
825 1559 963 1621 redditur
974 1578 1089 1618 summa
1096 1577 1241 1620 annorum
1253 1557 1350 1632 5228,

246 1659 325 1721 quae
341 1661 409 1702 oum
423 1663 557 1717 numero,
580 1663 667 1721 quom
681 1663 800 1703 revera
815 1645 938 1706 Eusebii
952 1663 1013 1704 esse
1026 1645 1155 1723 probare
1167 1641 1350 1716 studuimus,

246 1737 364 1806 praeter
387 1747 482 1787 unum
508 1747 619 1786 annum
638 1731 789 1790 convenit.
839 1731 936 1806 Igitur
959 1749 1146 1810 nequaquam
1171 1727 1351 1806 dubitarem,

245 1811 286 1870 ad
304 1812 534 1890 Chronologiam
549 1813 667 1872 Eusebii
682 1815 838 1894 probatam
854 1816 967 1876 Graeca
981 1813 1138 1876 restituere
1150 1811 1190 1893 ²).

332 1897 447 1958 Pluries
457 1898 515 1956 iarn
530 1895 806 1977 Chronographiam
816 1901 943 1979 Georgii
951 1901 1083 1976 Syncelli
1099 1899 1265 1958 citavimus.
1290 1895 1352 1956 llic

247 1981 327 2042 eninr
351 1983 413 2042 fers
436 1983 545 2044 unicus
569 1983 646 2044 liber
665 1993 726 2058 est,
748 2004 843 2063 equo
868 1984 1099 2061 Chronologienr
1120 1983 1189 2042 iulii
1212 1982 1353 2042 Africani

246 2067 371 2126 haurire
393 2087 570 2147 possumus3
592 2079 621 2128 et
633 2067 777 2148 Iosephus
794 2069 925 2146 Scaliger
938 2069 1068 2150 priorem
1082 2067 1193 2128 librum
1207 2065 1353 2126 Chronioi

247 2153 407 2213 Eusebiani
425 2151 590 2212 maximoe
614 2153 805 2231 fragmentis,
826 2175 843 2212 s
868 2155 996 2232 Georgio
1017 2154 1159 2228 severis,
1183 2151 1351 2213 contexuit.

246 2237 302 2297 Est
321 2237 414 2314 igitur
433 2255 622 2316 nequaquam
643 2239 732 2317 pervi
748 2239 964 2300 aestimandus:
988 2259 1057 2298 nam
1073 2248 1191 2317 praeter
1211 2237 1353 2298 Chrono-

247 2323 344 2402 logics
359 2321 493 2382 Africani
503 2331 591 2402 atque
604 2322 724 2383 Esuebii
734 2325 829 2382 multa
843 2325 1066 2406 deperditorum
1076 2323 1258 2403 scriptorum
1273 2324 1352 2400 treg-

248 2417 349 2468 menta
369 2408 402 2467 in
425 2427 459 2467 eo
478 2409 635 2486 leguntur-3
657 2419 687 2467 et
710 2408 873 2470 dolendum
897 2420 958 2486 est,
980 2429 1019 2468 ne
1035 2407 1125 2470 huius
1142 2408 1264 2486 quidem
1278 2405 1353 2468 libri

248 2495 384 2570 codices,
407 2513 586 2573 quamquam
609 2494 663 2553 vix
679 2503 748 2552 ante
760 2495 844 2554 mille
858 2517 952 2556 annos
966 2495 1097 2574 scriptus
1115 2493 1154 2554 sit
1166 2493 1260 2574 (circs
1278 2511 1350 2556 ann.

149 2627 155 2640 .
246 2583 339 2658 800),
359 2579 499 2656 integros,
519 2580 584 2638 sine
597 2579 713 2639 lacunis
725 2589 753 2638 et
769 2581 1032 2660 depravationibus
1047 2577 1086 2640 sd
1100 2599 1155 2640 nos
1168 2578 1351 2658 pervenisse.

247 2665 324 2724 biam
342 2663 396 2724 etsi
417 2665 564 2742 Scaliger,
587 2664 665 2725 levis
685 2665 828 2743 quasdam
854 2665 978 2728 dicteria
994 2663 1115 2742 Georgii
1134 2664 1167 2722 in
1190 2663 1354 2726 Eusebium

247 2769 336 2809 sunm
356 2750 476 2828 gravius
490 2752 604 2825 serens,
634 2747 902 2810 vehementissimis
925 2749 1115 2812 contumeliis
1136 2747 1170 2804 in
1189 2747 1354 2824 Georgium

245 2833 378 2908 invehit,
399 2835 510 2904 levem,
534 2835 761 2901 stultissimum,
784 2837 927 2908 (leffium,
950 2833 1074 2908 indigns
1102 2829 1354 2911 disruptusque

246 2927 447 2992 evomentem,
468 2917 628 2976 latrantem
648 2935 750 2974 canem
763 2915 949 2992 vociferans,
971 2924 1139 2993 annumque
1166 2935 1203 2974 ex
1222 2917 1354 2977 Eusebio

247 3003 283 3064 ab
307 3024 343 3062 eo
362 3003 539 3082 deprompta
560 3021 623 3060 ease
643 3021 805 3060 accusans:
826 3009 927 3062 tamen
950 3021 1057 3080 magna
1076 3019 1115 3060 ex
1133 3009 1219 3080 perte
1234 3003 1354 3064 easdem

280 3171 313 3240 Ω)
331 3173 370 3224 Ac
383 3185 416 3222 ns
427 3168 511 3222 lector
524 3170 611 3236 putet,
629 3184 676 3220 nos
690 3167 717 3222 in
735 3167 843 3236 gratim
857 3166 940 3222 nostri
954 3168 1051 3222 numeri
1065 3167 1132 3222 tales
1149 3168 1354 3238 depravationes

317 3255 478 3293 numerorum
503 3237 618 3320 tingere,
644 3239 761 3292 contest
785 3237 890 3290 'litenis
919 3237 1043 3306 Prosperi
1068 3235 1215 3292 chronicon
1238 3256 1264 3307 p.
1285 3237 1351 3292 284=

316 3309 527 3377 „computentur
541 3317 631 3375 itaque
644 3307 670 3358 in
687 3324 779 3360 urinum
794 3306 917 3360 decimum
929 3305 1046 3376 quintum
1061 3305 1164 3360 Tiberii
1177 3307 1297 3359 Cossano
1317 3307 1354 3362 ab

318 3394 399 3434 anno.
418 3393 467 3446 quo
481 3381 558 3428 natus
574 3383 615 3428 est
630 3377 759 3429 Abraham
836 3413 842 3428 .
912 3416 919 3431 .
1066 3414 1074 3428 .
1144 3413 1152 3428 .
1214 3393 1238 3428 e.
1255 3373 1335 3430 2047.

351 3443 490 3499 aDiluvio
506 3453 589 3497 autem
603 3463 684 3514 usqne
700 3445 733 3497 ad
765 3444 854 3498 rimnm
866 3461 958 3498 mnom
971 3414 1092 3499 Abrabae
1141 3483 1151 3500 .
1213 3461 1237 3498 a.
1273 3443 1335 3500 942.

350 3517 384 3568 ab
397 3513 554 3567 Adamvero
572 3531 652 3586 usqne
666 3514 700 3568 sd
713 3514 842 3568 D'uvium
912 3553 919 3567 .
989 3555 997 3569 .
1066 3554 1073 3568 .
1142 3553 1150 3566 .
1184 3515 1244 3570 anni
1254 3512 1353 3568 2242!

694 3615 739 3670 Ex
751 3616 790 3670 bis
803 3617 914 3670 numeris
926 3616 1036 3686 quisque
1049 3614 1148 3684 colligit
1160 3631 1240 3668 annos
1256 3613 1335 3668 5231.

319 3685 471 3754 Sequuntur
483 3691 567 3740 sutem
582 3685 647 3740 haec
658 3687 754 3740 sorbas
772 3686 856 3750 „Sunt
870 3703 934 3754 ergo
953 3703 1040 3740 omnes
1054 3685 1113 3738 anni
1130 3685 1163 3736 sb
1177 3683 1259 3736 Adam
1270 3699 1355 3750 usque

319 3755 346 3806 in
359 3767 452 3808 uiuunt
466 3757 499 3810 15
512 3755 615 3810 Tiberii
630 3755 750 3809 Caesaris
763 3755 823 3808 anni
837 3757 907 3812 5360
921 3763 966 3810 aut
978 3757 1054 3811 5228.
1090 3752 1157 3807 Anni
1177 3769 1239 3806 vero
1259 3767 1355 3804 maun-

318 3823 377 3876 dum
391 3823 523 3876 Geneseos
537 3825 689 3894 scripturam
705 3831 733 3876 et
745 3823 860 3878 Africani
876 3825 1001 3878 Historici
1019 3821 1224 3894 supputationem
1245 3819 1354 3888 amplius

317 3891 481 3944 inveniuntur
494 3892 570 3949 129.”
587 3923 623 3933 —
646 3893 716 3946 Ecce
733 3911 843 3963 pugnam
858 3908 1016 3947 numerorum
1028 3923 1063 3932 -
1074 3909 1106 3945 ex
1119 3889 1220 3942 incuria
1231 3889 1355 3948 librario-

317 3961 388 4013 run!
413 3961 551 4015 Eusebium
565 3963 630 4017 enirn
660 3967 705 4014 aut
715 3964 802 4032 potius
814 3964 958 4016 versionem
973 3963 1078 4015 latinam
1090 3957 1254 4028 Hieronymi)
1265 3957 1355 4026 sequi-

318 4036 362 4082 tur
377 4030 444 4082 Tiro
458 4030 585 4102 Prosper,
602 4032 641 4084 nti
654 4049 712 4102 ipse
726 4033 824 4084 fatetur
837 4032 925 4086 eadem
945 4033 994 4086 bac
1012 4032 1125 4101 pagins3
1143 4035 1170 4082 et
1189 4025 1355 4080 antecedenti

318 4115 381 4220 Rag-
401 4101 463 4156 283·
481 4117 600 4157 autumem
622 4103 822 4158 annornm2015
837 4103 870 4154 eb
889 4103 994 4157 Abrsbs
1013 4101 1048 4154 ad
1065 4098 1195 4153 Christum
1215 4095 1357 4148 aecnndmn

345 4167 426 4240 ussbii
441 4167 638 4239 Chronologinm
657 4173 788 4240 posuerat.
828 4169 936 4226 Scribas
957 4187 1020 4240 ergo
1039 4185 1138 4222 mecum
1158 4163 1246 4228 tots,
1264 4163 1357 4216 ΜΨ

319 4252 447 4289 nnmerum
460 4239 530 4294 5360
545 4245 591 4292 eut
609 4256 721 4293 errorem
740 4237 831 4292 calculi
846 4245 891 4292 aut
908 4247 995 4292 notem
1013 4235 1173 4309 glossatoris.
1206 4231 1274 4289 5228
1293 4249 1357 4285 vera

318 4314 413 4356 summe
427 4309 484 4370 est,
502 4307 525 4360 ai
536 4305 607 4363 2044
617 4308 747 4362 rescribis.
782 4307 927 4361 &eandm
939 4307 1054 4361 Africani
1064 4323 1129 4361 ¹vern
1148 4301 1357 4376 suppotsdonsm

319 4371 429 4443 amplius
440 4373 604 4431 inveniuntur
619 4393 671 4431 non
686 4375 816 4441 cxxix,
833 4376 880 4430 ssd
894 4376 1051 4432 CCLXXII.
