2860 4714
377 370 438 440 ur
459 368 815 441 suuorsnones.
956 401 964 492 ss
1044 363 1120 438 ore
1177 469 1181 478 φ

61 529 96 589 dit
104 524 239 590 librarius
252 522 341 614 ,ερμῖ
341 575 350 596 .
368 527 436 590 vice
450 524 529 614 ,eppfi
549 548 708 611 repon-s.
742 529 850 591 'lbibus
865 528 1047 592 coniectmis
1060 533 1124 594 eins

61 615 136 694 lapsus
148 615 367 688 manifestatur,
389 635 425 674 so
443 615 533 676 simul
549 616 736 676 emendatur.
759 619 789 682 1.
810 615 946 696 Triginta
964 618 1124 698 Dynsstin-

60 719 107 759 run
116 699 231 780 primam
243 699 288 758 ait
300 699 440 760 Menetho
454 720 533 760 enare
548 699 585 758 eb
606 711 715 760 exortu
733 701 839 760 mundi
861 703 953 769 1686.
970 703 1123 762 instauro-

61 794 117 860 trn,
133 783 257 864 reliques
273 785 414 865 deinceps
430 806 486 865 per
503 805 598 844 annos
612 787 706 854 8565.
725 793 907 864 protractes:
929 789 1000 848 anni
1021 789 1127 868 itaque

61 871 127 934 5140.
140 889 195 928 non
209 871 303 936 5147.
318 871 443 940 limitem
458 870 630 950 attigerunt.
652 877 681 940 9„
703 867 822 940 Autbor
839 871 905 950 ipse
918 873 1124 934 Alexandrum

60 952 214 1014 Macedonem
235 974 314 1015 anuo
332 957 427 1023 5166.
447 956 608 1038 imperium
630 954 795 1016 obtinuisse
816 965 945 1016 testetur
964 978 1031 1038 psg.
1051 965 1124 1026 260.

60 1037 83 1096 1).
98 1037 138 1098 bic
153 1059 221 1100 vero
243 1040 403 1119 Dynsstias
425 1041 641 1123 Aegyptiorum
660 1049 691 1102 et
711 1059 813 1102 esrum
833 1041 987 1122 principes
1006 1043 1126 1104 sublato

60 1122 192 1184 bectanebo
211 1135 340 1186 testatur
359 1125 511 1186 extinctos
536 1145 632 1186 annos
663 1125 836 1206 quindecim
854 1135 925 1186 ente
940 1147 1066 1207 regnum
1089 1129 1126 1189 eb

60 1207 197 1270 ilnendro
210 1221 408 1292 occupatum,
431 1221 461 1271 et
477 1232 516 1273 ex
530 1213 723 1291 consequenti
736 1231 814 1272 suno
827 1211 921 1278 5140.
941 1215 972 1278 3.
996 1213 1129 1274 Ponatur

59 1291 169 1370 bynastia
183 1295 280 1376 prima
294 1317 332 1358 ex
349 1295 539 1358 Manethonis
551 1295 668 1358 calculo
681 1297 798 1378 vulgari
814 1297 922 1358 mundi
935 1318 1015 1358 anne
1035 1301 1128 1365 1586.

60 1379 169 1458 coepisse,
188 1381 319 1462 reliques
332 1381 418 1442 annis
433 1382 527 1450 3555.
549 1383 753 1460 continuatos,
775 1401 813 1442 ex
829 1383 939 1462 quibus
955 1382 1075 1444 tuthor
1090 1382 1130 1444 sd

59 1461 205 1526 incolumem
219 1467 441 1548 scripturorum
456 1467 601 1530 tuendam
620 1466 831 1528 authoritatem
849 1471 926 1534 666.
941 1467 1058 1530 diluvio
1075 1488 1131 1528 an-

58 1549 170 1628 tepositos
183 1563 213 1612 et
227 1553 305 1612 alios
320 1553 392 1620 594.
415 1552 629 1632 subsequentes
649 1573 744 1614 annos
765 1553 925 1632 Dynastiae
943 1554 1058 1634 primes
1077 1573 1130 1612 en-

58 1652 85 1690 no
102 1635 234 1698 duntaxat
256 1644 352 1704 2776.
376 1637 570 1698 stabiliendae
589 1638 740 1720 praecipit
760 1635 994 1698 subtrsbendos:
1016 1639 1129 1700 iunctis

20 1715 22 1772 i
57 1713 116 1778 bisce
128 1723 211 1788 2775.
228 1721 296 1782 eliis
320 1725 413 1790 2365.
431 1723 540 1804 quibus
560 1723 777 1807 Aegyptiorum
794 1721 956 1804 Dynssties
970 1732 1130 1802 steterunt,
1222 1782 1225 1792 ,

57 1803 151 1862 ronuid
166 1808 253 1874 5140.
271 1807 407 1884 colliges.
998 1839 1001 1859 ι

119 1889 177 1968 Peg·
197 1894 247 1958 53.
274 1897 340 1956 Τοῦ
354 1893 407 1957 καὶ
421 1891 585 1975 Migonion]
607 1889 736 1976 Μήνιος
749 1891 908 1974 legendum
921 1901 1004 1954 recta
1020 1909 1130 1954 vonum

57 1977 209 2036 constructio
228 1977 379 2056 declarat,
408 1988 438 2039 et
461 1979 598 2042 Africani
618 1980 796 2060 Eusebiiqne
819 1979 1044 2048 testimoninm,
1067 1997 1129 2056 quo

20 2055 21 2096 ³
56 2053 151 2138 Μήνης
165 2079 214 2122 rex
227 2064 357 2145 Aegypti
378 2063 495 2146 primm
516 2065 673 2126 asseritur:
694 2065 814 2126 Anthou
831 2065 898 2146 ipse
913 2063 1040 2124 interius
1061 2062 1130 2143 ἐβο-

57 2143 175 2221 aiteooee,
194 2145 304 2230 inquit,
328 2150 629 2231 consumentium,
650 2147 685 2226 dc
698 2149 750 2214 eet
766 2145 891 2232 Μήνης.
913 2153 1014 2232 Μήνα
1026 2157 1128 2208 tmen

56 2227 136 2288 scribit
146 2229 312 2294 Herodotus
327 2241 360 2294 in
380 2235 511 2314 Euterpe
525 2255 590 2314 nep.
606 2239 658 2300 99.
678 2232 730 2299 ede
745 2239 844 2315 Μῆοο
856 2239 979 2318 πρῶτον
993 2227 1129 2315 βασιλεύ-

57 2328 128 2376 sono
140 2311 293 2399 Αἰγύπτου
307 2319 341 2382 οἱ
354 2319 446 2402 ἱερέες
460 2319 571 2401 ἔλεγον.
600 2321 718 2380 Menem
729 2323 868 2400 primum
881 2320 1016 2402 Aegypti
1029 2339 1132 2400 regem.

57 2392 174 2458 dinebmet
180 2401 367 2466 Sacerdotes.
742 2449 747 2459 .
1124 2433 1126 2442 <

120 2483 209 2550 Φολὲκ
223 2491 282 2568 τῆς
296 2489 375 2572 ζωῆς
393 2478 435 2568 ἦν
449 2481 493 2568 s‘.]
513 2487 635 2566 Duplici
653 2486 788 2566 calculo,
810 2488 893 2568 quod
909 2487 1062 2568 sequentis
1075 2487 1131 2546 de-

20 2607 21 2610 ,
57 2565 184 2632 clarebunt
203 2573 343 2648 uberius,
369 2573 469 2636 utitur
488 2571 624 2651 Author,
649 2593 713 2633 nno
736 2573 878 2634 videlicet
900 2573 1029 2634 alterum
1051 2590 1131 2630 anno

58 2659 248 2734 anuescente,
273 2678 334 2737 quo
347 2656 384 2718 fit
396 2667 433 2718 ut
447 2664 672 2738 praeponentur
688 2659 738 2720 vel
751 2658 984 2718 submoveantur
1001 2665 1131 2720 sentum
1211 2695 1225 2708 ,

57 2741 158 2805 numeri.
197 2743 258 2804 Ubi
274 2743 413 2822 quintum
427 2741 537 2804 Phelec
557 2764 668 2804 sunum
682 2743 721 2804 sd
740 2743 898 2803 nationum
913 2741 1132 2822 dispersionem

57 2821 159 2904 colligit,
178 2848 245 2890 eum
263 2829 316 2907 qui
336 2829 492 2909 praevenit
506 2829 656 2890 calcinum
671 2837 816 2908 usurpat,
838 2827 890 2907 qui
905 2846 1013 2907 nempe
1026 2824 1133 2885 mnndi

57 2907 237 2976 ettenorum
255 2912 423 2994 Arphaxed
439 2915 558 2976 statuit:
583 2924 616 2976 at
630 2915 655 2976 si
670 2913 765 2981 2243.
785 2911 866 2974 vitoe
880 2911 1058 2994 participem
1071 2910 1131 2970 dr·
1146 2915 1180 2973 P.
1197 2921 1232 2976 te

20 3047 21 3052 ,
57 2987 151 3067 phmd
167 2999 281 3060 sectum
296 2999 453 3076 statueris,
476 2999 613 3062 nationes
628 2999 777 3080 dispersas
790 2997 900 3060 Phslcc
913 3017 992 3058 suno
1012 3005 1132 3076 quarto,

57 3089 129 3152 prout
148 3091 246 3146 tentus
273 3083 367 3164 exigit
395 3084 585 3164 emendatus,
616 3084 756 3166 reperies.
799 3083 972 3146 Secamdum
998 3081 1133 3164 priorem

56 3177 137 3226 rursus
148 3167 244 3230 Heber
258 3189 338 3230 anno
353 3173 454 3238 Ι9637.
470 3181 559 3232 uatus
581 3170 685 3230 aetatis
703 3169 774 3236 134.
789 3191 894 3248 agens,
915 3167 1020 3228 mundi
1038 3172 1132 3234 2771.

57 3261 151 3320 generet
165 3254 293 3334 Phelec,
316 3255 403 3316 cuine
418 3275 497 3316 anno
514 3265 622 3336 quarto
637 3255 742 3318 mundi
760 3257 855 3322 2775.
873 3254 996 3315 confuse
1010 3253 1133 3330 lingue-

56 3347 106 3390 mn
117 3336 270 3400 idiomste:
292 3361 331 3400 ex
343 3361 403 3420 quo
421 3339 508 3400 iuxta
526 3341 696 3420 linguarum
708 3341 881 3401 discrimine
894 3359 993 3414 enno,
1016 3339 1068 3418 qui
1083 3351 1130 3398 se-

57 3427 146 3492 quutus
165 3434 225 3504 est,
247 3424 359 3487 Phelec
372 3424 479 3506 quinto
488 3471 497 3504 ‚
519 3425 619 3488 Hebes·
636 3430 709 3493 139.
729 3423 790 3508 (ite
806 3445 936 3506 nemque
948 3424 1040 3488 verba
1055 3423 1131 3484 boec

56 3505 97 3564 τοῦ
110 3504 229 3594 ὖὲἝβερ
250 3515 307 3575 τοῦ
313 3507 424 3591 πατρὸς
436 3507 535 3574 nette
543 3511 607 3586 deoc
622 3509 674 3574 seni
687 3503 784 3574 αὐτοῦ
795 3515 850 3591 τῆς
860 3515 939 3592 ζωῆς
951 3505 1028 3592 (11θῖ
1044 3529 1130 3568 corn-

57 3593 181 3680 pooendc)
200 3595 308 3658 mundi
328 3601 422 3664 2776.
442 3596 552 3658 divisas
571 3617 628 3678 per
642 3596 742 3679 orbem
759 3597 887 3656 familias
899 3596 986 3676 ponit
999 3593 1051 3654 bic
1066 3593 1128 3654 Au·
1145 3595 1227 3653 v.1r

58 3667 124 3750 tior,
143 3679 212 3760 qni,
237 3681 424 3760 castigatiore
451 3683 568 3745 celcrdo
589 3682 806 3760 nonnunquam
832 3683 1006 3758 observato,
1032 3679 1132 3738 Heben

57 3761 162 3824 betelem
183 3766 262 3826 diem
275 3766 382 3828 mundi
400 3769 493 3834 2638.
513 3769 571 3827 filii
590 3766 699 3828 Phelec
718 3776 789 3848 post
809 3767 881 3834 134.
905 3785 1000 3824 annos
1022 3763 1131 3822 muudi
1221 3816 1224 3822 .

57 3843 129 3912 2772.
143 3851 280 3930 ascribit,
303 3862 334 3914 et
345 3851 456 3913 Pbalec
469 3851 598 3932 denique
611 3861 737 3932 questo,
758 3851 866 3912 mundi
879 3855 974 3916 2776.
992 3847 1132 3908 confutat

54 3921 149 4006 linguas
166 3957 202 3996 ac
221 3937 313 3998 simul
326 3938 473 4018 disperses
484 3939 621 3998 nationes
634 3947 771 3998 testatur.
813 3935 964 4009 Priorem,
986 3943 1023 3992 nt
1038 3951 1130 4012 prae-

54 4012 182 4098 misimus,
204 4023 354 4085 calculum
368 4023 434 4084 eius
452 4021 504 4082 bic
521 4023 612 4083 verbo
625 4023 807 4105 respiciunt,
827 4041 883 4080 nos
896 4018 1011 4102 pariter
1027 4017 1066 4076 sd
1087 4016 1130 4074 il-
1246 4068 1252 4080 .

54 4091 104 4158 lum
116 4103 238 4168 iibrarii
250 4109 352 4188 lapsus
367 4107 401 4166 iu
413 4116 500 4168 textu
510 4108 668 4188 erigimus,
691 4107 744 4189 qui
759 4105 832 4168 aliae
840 4105 943 4188 ipsam
959 4102 1130 4182 lingum

56 4187 242 4252 nonnionem
254 4191 435 4272 perturbetis
452 4193 583 4254 numnis
596 4203 727 4275 superet.

68 4350 72 4362 Ι
125 4279 182 4338 Τοῦ
199 4273 233 4339 di
246 4273 340 4360 Ἔβερ
360 4282 415 4356 τῆς
437 4279 515 4360 ζωῆς
531 4273 616 4362 pini]
646 4273 888 4365 Patriarcbsrum
904 4279 1013 4332 estates
1034 4269 1132 4334 dime-

55 4355 116 4436 bena
133 4357 218 4422 binus
240 4363 322 4446 apud
335 4361 499 4426 dutborem
516 4373 692 4446 computus,
715 4357 812 4424 maior
829 4371 860 4423 et
880 4357 1015 4438 brevior,
1037 4361 1132 4422 eidem
